<?xml version="1.0" encoding="UTF-8"?>
<!DOCTYPE html PUBLIC "-//W3C//DTD XHTML 1.0 Transitional//EN"
    "http://www.w3.org/TR/xhtml1/DTD/xhtml1-transitional.dtd">
<html xmlns="http://www.w3.org/1999/xhtml" xml:lang="en" lang="en">
 <head>
  <title>
</title>
<meta http-equiv="Content-Type" content="text/html;charset=utf-8" />
  <meta name='ocr-system' content='tesseract 3.04.00' />
  <meta name='ocr-capabilities' content='ocr_page ocr_carea ocr_par ocr_line ocrx_word'/>
</head>
<body>
  <div class='ocr_page' id='page_1' title='image "./lieder00bartgoog_0140.png"; bbox 0 0 2520 4216; ppageno 0'>
   <div class='ocr_carea' id='block_1_1' title="bbox 448 687 878 1269">
    <p class='ocr_par' dir='ltr' id='par_1_1' title="bbox 448 687 878 1269">
     <span class='ocr_line' id='line_1_1' title="bbox 448 687 878 776; baseline -0.009 -16"><span class='ocrx_word' id='word_1_1' title='bbox 448 687 516 760; x_wconf 81' lang='lat' dir='ltr'><strong>Mos</strong></span> <span class='ocrx_word' id='word_1_2' title='bbox 531 718 595 757; x_wconf 83' lang='lat' dir='ltr'><strong>cors</strong></span> <span class='ocrx_word' id='word_1_3' title='bbox 611 696 723 776; x_wconf 82' lang='lat' dir='ltr'>s&#39;alegr&#39;</span> <span class='ocrx_word' id='word_1_4' title='bbox 740 718 756 755; x_wconf 87' lang='lat' dir='ltr'>e</span> <span class='ocrx_word' id='word_1_5' title='bbox 771 697 878 773; x_wconf 81' lang='lat' dir='ltr'>s‘esjau</span> 
     </span>
     <span class='ocr_line' id='line_1_2' title="bbox 448 784 849 862; baseline -0.002 -20"><span class='ocrx_word' id='word_1_6' title='bbox 448 805 502 861; x_wconf 88' lang='lat' dir='ltr'><strong>per</strong></span> <span class='ocrx_word' id='word_1_7' title='bbox 515 785 543 841; x_wconf 89' lang='lat' dir='ltr'><strong>lo</strong></span> <span class='ocrx_word' id='word_1_8' title='bbox 558 784 651 862; x_wconf 81' lang='lat' dir='ltr'><strong>gentil</strong></span> <span class='ocrx_word' id='word_1_9' title='bbox 666 791 761 860; x_wconf 86' lang='lat' dir='ltr'><strong>temps</strong></span> <span class='ocrx_word' id='word_1_10' title='bbox 777 803 849 842; x_wconf 84' lang='lat' dir='ltr'>suau</span> 
     </span>
     <span class='ocr_line' id='line_1_3' title="bbox 449 869 812 946; baseline 0 -20"><span class='ocrx_word' id='word_1_11' title='bbox 449 889 465 926; x_wconf 83' lang='lat' dir='ltr'>e</span> <span class='ocrx_word' id='word_1_12' title='bbox 480 870 528 946; x_wconf 89' lang='lat' dir='ltr'><strong>pel</strong></span> <span class='ocrx_word' id='word_1_13' title='bbox 544 870 634 928; x_wconf 82' lang='lat' dir='ltr'>castel</span> <span class='ocrx_word' id='word_1_14' title='bbox 649 869 685 926; x_wconf 89' lang='lat' dir='ltr'><strong>de</strong></span> <span class='ocrx_word' id='word_1_15' title='bbox 700 869 724 927; x_wconf 84' lang='lat' dir='ltr'>F</span> <span class='ocrx_word' id='word_1_16' title='bbox 725 877 812 944; x_wconf 79' lang='lat' dir='ltr'><strong>anjau</strong></span> 
     </span>
     <span class='ocr_line' id='line_1_4' title="bbox 449 955 852 1030; baseline 0 -18"><span class='ocrx_word' id='word_1_17' title='bbox 449 973 532 1030; x_wconf 82' lang='lat' dir='ltr'><strong>quem</strong></span> <span class='ocrx_word' id='word_1_18' title='bbox 548 955 710 1013; x_wconf 77' lang='lat' dir='ltr'><strong>ressembla</strong></span> <span class='ocrx_word' id='word_1_19' title='bbox 720 955 852 1030; x_wconf 82' lang='lat' dir='ltr'><strong>paradis,</strong></span> 
     </span>
     <span class='ocr_line' id='line_1_5' title="bbox 449 1038 865 1116; baseline -0.002 -19"><span class='ocrx_word' id='word_1_20' title='bbox 449 1038 593 1116; x_wconf 82' lang='lat' dir='ltr'><strong>qu’amors</strong></span> <span class='ocrx_word' id='word_1_21' title='bbox 609 1060 625 1097; x_wconf 86' lang='lat' dir='ltr'>e</span> <span class='ocrx_word' id='word_1_22' title='bbox 636 1039 694 1114; x_wconf 72' lang='lat' dir='ltr'>joie</span> <span class='ocrx_word' id='word_1_23' title='bbox 711 1039 745 1096; x_wconf 88' lang='lat' dir='ltr'><strong>s&#39;i</strong></span> <span class='ocrx_word' id='word_1_24' title='bbox 761 1041 865 1097; x_wconf 79' lang='lat' dir='ltr'><strong>enclau</strong></span> 
     </span>
     <span class='ocr_line' id='line_1_6' title="bbox 450 1122 875 1200; baseline 0 -18"><span class='ocrx_word' id='word_1_25' title='bbox 450 1145 465 1182; x_wconf 85' lang='lat' dir='ltr'>e</span> <span class='ocrx_word' id='word_1_26' title='bbox 481 1133 524 1182; x_wconf 86' lang='lat' dir='ltr'><strong>tot</strong></span> <span class='ocrx_word' id='word_1_27' title='bbox 538 1133 630 1199; x_wconf 85' lang='lat' dir='ltr'>quant</span> <span class='ocrx_word' id='word_1_28' title='bbox 644 1145 662 1182; x_wconf 86' lang='lat' dir='ltr'>a</span> <span class='ocrx_word' id='word_1_29' title='bbox 676 1133 758 1200; x_wconf 83' lang='lat' dir='ltr'>pretz</span> <span class='ocrx_word' id='word_1_30' title='bbox 774 1122 875 1182; x_wconf 78' lang='lat' dir='ltr'>s&#39;abau</span> 
     </span>
     <span class='ocr_line' id='line_1_7' title="bbox 450 1210 814 1269; baseline 0 -1"><span class='ocrx_word' id='word_1_31' title='bbox 450 1230 466 1268; x_wconf 89' lang='lat' dir='ltr'>e</span> <span class='ocrx_word' id='word_1_32' title='bbox 481 1210 612 1268; x_wconf 85' lang='lat' dir='ltr'><strong>domneis</strong></span> <span class='ocrx_word' id='word_1_33' title='bbox 627 1211 722 1268; x_wconf 84' lang='lat' dir='ltr'>verais</span> <span class='ocrx_word' id='word_1_34' title='bbox 738 1229 754 1267; x_wconf 87' lang='lat' dir='ltr'>e</span> <span class='ocrx_word' id='word_1_35' title='bbox 768 1211 814 1269; x_wconf 80' lang='lat' dir='ltr'><strong>fis.</strong></span> 
     </span>
    </p>
   </div>
   <div class='ocr_carea' id='block_1_2' title="bbox 449 1379 886 1966">
    <p class='ocr_par' dir='ltr' id='par_1_2' title="bbox 449 1379 839 1438">
     <span class='ocr_line' id='line_1_8' title="bbox 449 1379 839 1438; baseline -0.003 0"><span class='ocrx_word' id='word_1_36' title='bbox 449 1379 518 1438; x_wconf 90' lang='lat' dir='ltr'><strong>Non</strong></span> <span class='ocrx_word' id='word_1_37' title='bbox 532 1379 561 1436; x_wconf 85' lang='lat' dir='ltr'><strong>ai</strong></span> <span class='ocrx_word' id='word_1_38' title='bbox 576 1380 687 1436; x_wconf 79' lang='lat' dir='ltr'><strong>enemie</strong></span> <span class='ocrx_word' id='word_1_39' title='bbox 701 1388 750 1436; x_wconf 85' lang='lat' dir='ltr'><strong>tau</strong></span> <span class='ocrx_word' id='word_1_40' title='bbox 767 1382 839 1437; x_wconf 83' lang='lat' dir='ltr'><strong>brau</strong></span> 
     </span>
    </p>

    <p class='ocr_par' dir='ltr' id='par_1_3' title="bbox 449 1464 860 1710">
     <span class='ocr_line' id='line_1_9' title="bbox 450 1464 858 1522; baseline 0 0"><span class='ocrx_word' id='word_1_41' title='bbox 450 1466 475 1522; x_wconf 91' lang='lat' dir='ltr'><strong>si</strong></span> <span class='ocrx_word' id='word_1_42' title='bbox 490 1465 535 1522; x_wconf 81' lang='lat' dir='ltr'><strong>las</strong></span> <span class='ocrx_word' id='word_1_43' title='bbox 550 1465 671 1522; x_wconf 82' lang='lat' dir='ltr'><strong>domnas</strong></span> <span class='ocrx_word' id='word_1_44' title='bbox 686 1464 725 1521; x_wconf 89' lang='lat' dir='ltr'><strong>mi</strong></span> <span class='ocrx_word' id='word_1_45' title='bbox 741 1473 858 1522; x_wconf 87' lang='lat' dir='ltr'><strong>mentau</strong></span> 
     </span>
     <span class='ocr_line' id='line_1_10' title="bbox 449 1546 860 1619; baseline 0.005 -13"><span class='ocrx_word' id='word_1_46' title='bbox 449 1550 480 1606; x_wconf 88' lang='lat' dir='ltr'><strong>ni</strong></span> <span class='ocrx_word' id='word_1_47' title='bbox 495 1546 571 1606; x_wconf 85' lang='lat' dir='ltr'><strong>m’en</strong></span> <span class='ocrx_word' id='word_1_48' title='bbox 584 1550 644 1608; x_wconf 86' lang='lat' dir='ltr'>ditz</span> <span class='ocrx_word' id='word_1_49' title='bbox 659 1550 753 1607; x_wconf 88' lang='lat' dir='ltr'>honor</span> <span class='ocrx_word' id='word_1_50' title='bbox 767 1569 783 1605; x_wconf 86' lang='lat' dir='ltr'>e</span> <span class='ocrx_word' id='word_1_51' title='bbox 798 1551 860 1619; x_wconf 79' lang='lat' dir='ltr'><strong>lau,</strong></span> 
     </span>
     <span class='ocr_line' id='line_1_11' title="bbox 450 1631 825 1710; baseline -0.005 -18"><span class='ocrx_word' id='word_1_52' title='bbox 450 1631 535 1710; x_wconf 88' lang='lat' dir='ltr'>qu&#39;eu</span> <span class='ocrx_word' id='word_1_53' title='bbox 549 1635 598 1693; x_wconf 89' lang='lat' dir='ltr'><strong>nol</strong></span> <span class='ocrx_word' id='word_1_54' title='bbox 613 1635 658 1692; x_wconf 76' lang='lat' dir='ltr'><strong>sia</strong></span> <span class='ocrx_word' id='word_1_55' title='bbox 674 1636 725 1693; x_wconf 86' lang='lat' dir='ltr'><strong>bos</strong></span> <span class='ocrx_word' id='word_1_56' title='bbox 741 1635 825 1693; x_wconf 82' lang='lat' dir='ltr'><strong>amis.</strong></span> 
     </span>
    </p>

    <p class='ocr_par' dir='ltr' id='par_1_4' title="bbox 449 1720 886 1966">
     <span class='ocr_line' id='line_1_12' title="bbox 450 1720 886 1795; baseline 0 -19"><span class='ocrx_word' id='word_1_57' title='bbox 450 1739 466 1776; x_wconf 81' lang='lat' dir='ltr'>e</span> <span class='ocrx_word' id='word_1_58' title='bbox 481 1738 554 1795; x_wconf 84' lang='lat' dir='ltr'>quar</span> <span class='ocrx_word' id='word_1_59' title='bbox 568 1728 644 1778; x_wconf 86' lang='lat' dir='ltr'><strong>mest</strong></span> <span class='ocrx_word' id='word_1_60' title='bbox 658 1720 703 1777; x_wconf 90' lang='lat' dir='ltr'><strong>lor</strong></span> <span class='ocrx_word' id='word_1_61' title='bbox 716 1739 773 1777; x_wconf 92' lang='lat' dir='ltr'><strong>non</strong></span> <span class='ocrx_word' id='word_1_62' title='bbox 789 1727 886 1788; x_wconf 70' lang='lat' dir='ltr'><strong>eatan,</strong></span> 
     </span>
     <span class='ocr_line' id='line_1_13' title="bbox 449 1805 807 1873; baseline -0.003 -11"><span class='ocrx_word' id='word_1_63' title='bbox 449 1805 480 1862; x_wconf 91' lang='lat' dir='ltr'><strong>ni</strong></span> <span class='ocrx_word' id='word_1_64' title='bbox 495 1825 530 1862; x_wconf 88' lang='lat' dir='ltr'><strong>en</strong></span> <span class='ocrx_word' id='word_1_65' title='bbox 547 1813 632 1862; x_wconf 82' lang='lat' dir='ltr'><strong>autra</strong></span> <span class='ocrx_word' id='word_1_66' title='bbox 645 1811 724 1862; x_wconf 83' lang='lat' dir='ltr'><strong>terra</strong></span> <span class='ocrx_word' id='word_1_67' title='bbox 738 1825 807 1873; x_wconf 81' lang='lat' dir='ltr'><strong>vau,</strong></span> 
     </span>
     <span class='ocr_line' id='line_1_14' title="bbox 449 1890 853 1966; baseline 0 -19"><span class='ocrx_word' id='word_1_68' title='bbox 449 1891 540 1966; x_wconf 81' lang='lat' dir='ltr'>planh</span> <span class='ocrx_word' id='word_1_69' title='bbox 555 1910 571 1948; x_wconf 88' lang='lat' dir='ltr'>e</span> <span class='ocrx_word' id='word_1_70' title='bbox 586 1891 682 1964; x_wconf 86' lang='lat' dir='ltr'>sospir</span> <span class='ocrx_word' id='word_1_71' title='bbox 698 1909 714 1946; x_wconf 86' lang='lat' dir='ltr'>e</span> <span class='ocrx_word' id='word_1_72' title='bbox 728 1890 853 1966; x_wconf 80' lang='lat' dir='ltr'>languis.</span> 
     </span>
    </p>
   </div>
   <div class='ocr_carea' id='block_1_3' title="bbox 449 2059 976 2628">
    <p class='ocr_par' dir='ltr' id='par_1_5' title="bbox 449 2059 937 2220">
     <span class='ocr_line' id='line_1_15' title="bbox 449 2059 937 2134; baseline -0.002 -17"><span class='ocrx_word' id='word_1_73' title='bbox 449 2060 515 2118; x_wconf 85' lang='lat' dir='ltr'><strong>Mos</strong></span> <span class='ocrx_word' id='word_1_74' title='bbox 532 2059 595 2117; x_wconf 82' lang='lat' dir='ltr'>bels</span> <span class='ocrx_word' id='word_1_75' title='bbox 610 2060 741 2133; x_wconf 81' lang='lat' dir='ltr'>arquiers</span> <span class='ocrx_word' id='word_1_76' title='bbox 756 2059 792 2116; x_wconf 87' lang='lat' dir='ltr'><strong>de</strong></span> <span class='ocrx_word' id='word_1_77' title='bbox 806 2059 937 2134; x_wconf 69' lang='lat' dir='ltr'>Luam,</span> 
     </span>
     <span class='ocr_line' id='line_1_16' title="bbox 450 2142 838 2220; baseline -0.003 -19"><span class='ocrx_word' id='word_1_78' title='bbox 450 2143 486 2201; x_wconf 79' lang='lat' dir='ltr'><strong>de</strong></span> <span class='ocrx_word' id='word_1_79' title='bbox 501 2144 547 2200; x_wconf 83' lang='lat' dir='ltr'><strong>cui</strong></span> <span class='ocrx_word' id='word_1_80' title='bbox 562 2142 692 2202; x_wconf 84' lang='lat' dir='ltr'>m’abelis</span> <span class='ocrx_word' id='word_1_81' title='bbox 708 2164 753 2202; x_wconf 85' lang='lat' dir='ltr'><strong>em</strong></span> <span class='ocrx_word' id='word_1_82' title='bbox 769 2163 838 2220; x_wconf 83' lang='lat' dir='ltr'><strong>pac,</strong></span> 
     </span>
    </p>

    <p class='ocr_par' dir='ltr' id='par_1_6' title="bbox 449 2226 878 2305">
     <span class='ocr_line' id='line_1_17' title="bbox 449 2226 878 2305; baseline 0 -19"><span class='ocrx_word' id='word_1_83' title='bbox 449 2226 506 2286; x_wconf 81' lang='lat' dir='ltr'><strong>m’a</strong></span> <span class='ocrx_word' id='word_1_84' title='bbox 520 2229 617 2286; x_wconf 82' lang='lat' dir='ltr'><strong>nafrat</strong></span> <span class='ocrx_word' id='word_1_85' title='bbox 632 2231 668 2286; x_wconf 87' lang='lat' dir='ltr'><strong>de</strong></span> <span class='ocrx_word' id='word_1_86' title='bbox 682 2238 748 2305; x_wconf 83' lang='lat' dir='ltr'>part</span> <span class='ocrx_word' id='word_1_87' title='bbox 764 2229 878 2288; x_wconf 81' lang='lat' dir='ltr'><strong>Galbae</strong></span> 
     </span>
    </p>

    <p class='ocr_par' dir='ltr' id='par_1_7' title="bbox 450 2313 830 2385">
     <span class='ocr_line' id='line_1_18' title="bbox 450 2313 830 2385; baseline 0.005 -15"><span class='ocrx_word' id='word_1_88' title='bbox 450 2333 466 2370; x_wconf 86' lang='lat' dir='ltr'><strong>e</strong></span> <span class='ocrx_word' id='word_1_89' title='bbox 481 2333 534 2372; x_wconf 85' lang='lat' dir='ltr'><strong>son</strong></span> <span class='ocrx_word' id='word_1_90' title='bbox 550 2313 637 2371; x_wconf 83' lang='lat' dir='ltr'>cairel</span> <span class='ocrx_word' id='word_1_91' title='bbox 654 2315 682 2372; x_wconf 82' lang='lat' dir='ltr'><strong>el</strong></span> <span class='ocrx_word' id='word_1_92' title='bbox 698 2332 746 2372; x_wconf 79' lang='lat' dir='ltr'><strong>oor</strong></span> <span class='ocrx_word' id='word_1_93' title='bbox 760 2315 830 2385; x_wconf 83' lang='lat' dir='ltr'>mis;</span> 
     </span>
    </p>

    <p class='ocr_par' dir='ltr' id='par_1_8' title="bbox 450 2398 976 2559">
     <span class='ocr_line' id='line_1_19' title="bbox 450 2398 976 2476; baseline -0.004 -21"><span class='ocrx_word' id='word_1_94' title='bbox 450 2406 480 2456; x_wconf 87' lang='lat' dir='ltr'><strong>et</strong></span> <span class='ocrx_word' id='word_1_95' title='bbox 493 2417 549 2455; x_wconf 81' lang='lat' dir='ltr'><strong>ane</strong></span> <span class='ocrx_word' id='word_1_96' title='bbox 562 2399 637 2457; x_wconf 77' lang='lat' dir='ltr'><strong>mais</strong></span> <span class='ocrx_word' id='word_1_97' title='bbox 652 2400 732 2476; x_wconf 87' lang='lat' dir='ltr'>colps</span> <span class='ocrx_word' id='word_1_98' title='bbox 747 2408 798 2457; x_wconf 82' lang='lat' dir='ltr'><strong>tan</strong></span> <span class='ocrx_word' id='word_1_99' title='bbox 812 2417 879 2456; x_wconf 88' lang='lat' dir='ltr'><strong>nom</strong></span> <span class='ocrx_word' id='word_1_100' title='bbox 894 2398 976 2474; x_wconf 75' lang='lat' dir='ltr'><strong>plac,</strong></span> 
     </span>
     <span class='ocr_line' id='line_1_20' title="bbox 450 2481 834 2559; baseline 0 -19"><span class='ocrx_word' id='word_1_101' title='bbox 450 2481 536 2558; x_wconf 89' lang='lat' dir='ltr'>qu&#39;en</span> <span class='ocrx_word' id='word_1_102' title='bbox 551 2487 667 2559; x_wconf 88' lang='lat' dir='ltr'>sojorne</span> <span class='ocrx_word' id='word_1_103' title='bbox 682 2505 699 2542; x_wconf 82' lang='lat' dir='ltr'>a</span> <span class='ocrx_word' id='word_1_104' title='bbox 715 2483 834 2544; x_wconf 84' lang='lat' dir='ltr'><strong>Saissac</strong></span> 
     </span>
    </p>

    <p class='ocr_par' dir='ltr' id='par_1_9' title="bbox 450 2567 804 2628">
     <span class='ocr_line' id='line_1_21' title="bbox 450 2567 804 2628; baseline 0.008 -3"><span class='ocrx_word' id='word_1_105' title='bbox 450 2569 488 2626; x_wconf 84' lang='lat' dir='ltr'><strong>ab</strong></span> <span class='ocrx_word' id='word_1_106' title='bbox 501 2567 605 2628; x_wconf 79' lang='lat' dir='ltr'><strong>fraires</strong></span> <span class='ocrx_word' id='word_1_107' title='bbox 621 2577 650 2626; x_wconf 87' lang='lat' dir='ltr'><strong>et</strong></span> <span class='ocrx_word' id='word_1_108' title='bbox 664 2571 701 2628; x_wconf 83' lang='lat' dir='ltr'><strong>ab</strong></span> <span class='ocrx_word' id='word_1_109' title='bbox 717 2569 804 2628; x_wconf 82' lang='lat' dir='ltr'><strong>cozis.</strong></span> 
     </span>
    </p>
   </div>
   <div class='ocr_carea' id='block_1_4' title="bbox 449 2737 918 3309">
    <p class='ocr_par' dir='ltr' id='par_1_10' title="bbox 449 2737 906 2985">
     <span class='ocr_line' id='line_1_22' title="bbox 449 2737 906 2816; baseline 0 -20"><span class='ocrx_word' id='word_1_110' title='bbox 449 2737 508 2796; x_wconf 86' lang='lat' dir='ltr'><strong>Per</strong></span> <span class='ocrx_word' id='word_1_111' title='bbox 522 2747 582 2796; x_wconf 83' lang='lat' dir='ltr'><strong>totz</strong></span> <span class='ocrx_word' id='word_1_112' title='bbox 596 2747 692 2816; x_wconf 81' lang='lat' dir='ltr'><strong>temps</strong></span> <span class='ocrx_word' id='word_1_113' title='bbox 707 2739 763 2798; x_wconf 84' lang='lat' dir='ltr'>lais</span> <span class='ocrx_word' id='word_1_114' title='bbox 778 2739 906 2816; x_wconf 82' lang='lat' dir='ltr'>Albeges</span> 
     </span>
     <span class='ocr_line' id='line_1_23' title="bbox 451 2823 844 2894; baseline 0 -11"><span class='ocrx_word' id='word_1_115' title='bbox 451 2845 466 2883; x_wconf 83' lang='lat' dir='ltr'>e</span> <span class='ocrx_word' id='word_1_116' title='bbox 481 2826 603 2881; x_wconf 85' lang='lat' dir='ltr'><strong>remanh</strong></span> <span class='ocrx_word' id='word_1_117' title='bbox 619 2844 655 2880; x_wconf 88' lang='lat' dir='ltr'><strong>en</strong></span> <span class='ocrx_word' id='word_1_118' title='bbox 671 2823 844 2894; x_wconf 76' lang='lat' dir='ltr'><strong>carcasses,</strong></span> 
     </span>
     <span class='ocr_line' id='line_1_24' title="bbox 450 2910 835 2985; baseline 0.008 -20"><span class='ocrx_word' id='word_1_119' title='bbox 450 2910 519 2985; x_wconf 84' lang='lat' dir='ltr'>quel</span> <span class='ocrx_word' id='word_1_120' title='bbox 533 2910 658 2968; x_wconf 78' lang='lat' dir='ltr'><strong>cavalier</strong></span> <span class='ocrx_word' id='word_1_121' title='bbox 673 2929 724 2968; x_wconf 82' lang='lat' dir='ltr'><strong>son</strong></span> <span class='ocrx_word' id='word_1_122' title='bbox 741 2919 835 2968; x_wconf 80' lang='lat' dir='ltr'><strong>cortes</strong></span> 
     </span>
    </p>

    <p class='ocr_par' dir='ltr' id='par_1_11' title="bbox 451 2994 812 3070">
     <span class='ocr_line' id='line_1_25' title="bbox 451 2994 812 3070; baseline 0.003 -19"><span class='ocrx_word' id='word_1_123' title='bbox 451 3014 467 3051; x_wconf 87' lang='lat' dir='ltr'>e</span> <span class='ocrx_word' id='word_1_124' title='bbox 482 2995 526 3052; x_wconf 80' lang='lat' dir='ltr'><strong>las</strong></span> <span class='ocrx_word' id='word_1_125' title='bbox 542 2995 662 3053; x_wconf 86' lang='lat' dir='ltr'><strong>domnas</strong></span> <span class='ocrx_word' id='word_1_126' title='bbox 677 2994 725 3052; x_wconf 87' lang='lat' dir='ltr'><strong>del</strong></span> <span class='ocrx_word' id='word_1_127' title='bbox 738 2995 812 3070; x_wconf 81' lang='lat' dir='ltr'><strong>pais.</strong></span> 
     </span>
    </p>

    <p class='ocr_par' dir='ltr' id='par_1_12' title="bbox 451 3077 918 3309">
     <span class='ocr_line' id='line_1_26' title="bbox 451 3077 918 3153; baseline -0.002 -17"><span class='ocrx_word' id='word_1_128' title='bbox 451 3098 514 3138; x_wconf 84' lang='lat' dir='ltr'><strong>mas</strong></span> <span class='ocrx_word' id='word_1_129' title='bbox 529 3099 567 3137; x_wconf 80' lang='lat' dir='ltr'><strong>na</strong></span> <span class='ocrx_word' id='word_1_130' title='bbox 581 3077 653 3138; x_wconf 91' lang='lat' dir='ltr'>Lob’</span> <span class='ocrx_word' id='word_1_131' title='bbox 670 3099 717 3136; x_wconf 87' lang='lat' dir='ltr'><strong>am</strong></span> <span class='ocrx_word' id='word_1_132' title='bbox 733 3079 758 3136; x_wconf 84' lang='lat' dir='ltr'><strong>si</strong></span> <span class='ocrx_word' id='word_1_133' title='bbox 774 3097 918 3153; x_wconf 84' lang='lat' dir='ltr'>conques‚</span> 
     </span>
     <span class='ocr_line' id='line_1_27' title="bbox 452 3161 885 3240; baseline 0 -18"><span class='ocrx_word' id='word_1_134' title='bbox 452 3181 522 3240; x_wconf 86' lang='lat' dir='ltr'>que,</span> <span class='ocrx_word' id='word_1_135' title='bbox 539 3165 565 3222; x_wconf 86' lang='lat' dir='ltr'><strong>si</strong></span> <span class='ocrx_word' id='word_1_136' title='bbox 579 3161 680 3240; x_wconf 80' lang='lat' dir='ltr'><strong>m&#39;ajut</strong></span> <span class='ocrx_word' id='word_1_137' title='bbox 694 3165 765 3222; x_wconf 86' lang='lat' dir='ltr'><strong>deus</strong></span> <span class='ocrx_word' id='word_1_138' title='bbox 781 3164 811 3221; x_wconf 88' lang='lat' dir='ltr'><strong>ni</strong></span> <span class='ocrx_word' id='word_1_139' title='bbox 826 3164 885 3231; x_wconf 82' lang='lat' dir='ltr'><strong>fes,</strong></span> 
     </span>
     <span class='ocr_line' id='line_1_28' title="bbox 451 3248 895 3309; baseline 0.002 -3"><span class='ocrx_word' id='word_1_140' title='bbox 451 3249 481 3307; x_wconf 83' lang='lat' dir='ltr'><strong>al</strong></span> <span class='ocrx_word' id='word_1_141' title='bbox 496 3267 545 3307; x_wconf 85' lang='lat' dir='ltr'><strong>cor</strong></span> <span class='ocrx_word' id='word_1_142' title='bbox 559 3248 682 3308; x_wconf 85' lang='lat' dir='ltr'>m&#39;estan</span> <span class='ocrx_word' id='word_1_143' title='bbox 697 3249 741 3307; x_wconf 81' lang='lat' dir='ltr'><strong>sei</strong></span> <span class='ocrx_word' id='word_1_144' title='bbox 756 3250 828 3309; x_wconf 85' lang='lat' dir='ltr'><strong>dous</strong></span> <span class='ocrx_word' id='word_1_145' title='bbox 844 3249 895 3307; x_wconf 86' lang='lat' dir='ltr'><strong>ris.</strong></span> 
     </span>
    </p>
   </div>
   <div class='ocr_carea' id='block_1_5' title="bbox 450 3418 965 3664">
    <p class='ocr_par' dir='ltr' id='par_1_13' title="bbox 450 3418 965 3664">
     <span class='ocr_line' id='line_1_29' title="bbox 450 3418 804 3477; baseline -0.003 -1"><span class='ocrx_word' id='word_1_146' title='bbox 450 3422 478 3476; x_wconf 86' lang='lat' dir='ltr'>A</span> <span class='ocrx_word' id='word_1_147' title='bbox 492 3418 548 3475; x_wconf 87' lang='lat' dir='ltr'><strong>deu</strong></span> <span class='ocrx_word' id='word_1_148' title='bbox 563 3436 664 3476; x_wconf 74' lang='lat' dir='ltr'><strong>noman</strong></span> <span class='ocrx_word' id='word_1_149' title='bbox 679 3419 804 3477; x_wconf 85' lang='lat' dir='ltr'><strong>Monrial</strong></span> 
     </span>
     <span class='ocr_line' id='line_1_30' title="bbox 451 3502 772 3579; baseline 0.003 -20"><span class='ocrx_word' id='word_1_150' title='bbox 451 3502 479 3559; x_wconf 82' lang='lat' dir='ltr'><strong>el</strong></span> <span class='ocrx_word' id='word_1_151' title='bbox 494 3503 602 3578; x_wconf 79' lang='lat' dir='ltr'><strong>palaitz</strong></span> <span class='ocrx_word' id='word_1_152' title='bbox 618 3503 772 3579; x_wconf 79' lang='lat' dir='ltr'><strong>emperial,</strong></span> 
     </span>
     <span class='ocr_line' id='line_1_31' title="bbox 452 3585 965 3664; baseline -0.004 -18"><span class='ocrx_word' id='word_1_153' title='bbox 452 3585 536 3664; x_wconf 87' lang='lat' dir='ltr'>qu&#39;eu</span> <span class='ocrx_word' id='word_1_154' title='bbox 551 3585 627 3646; x_wconf 86' lang='lat' dir='ltr'><strong>m&#39;en</strong></span> <span class='ocrx_word' id='word_1_155' title='bbox 642 3597 706 3646; x_wconf 84' lang='lat' dir='ltr'><strong>torn</strong></span> <span class='ocrx_word' id='word_1_156' title='bbox 722 3589 768 3646; x_wconf 80' lang='lat' dir='ltr'><strong>sai</strong></span> <span class='ocrx_word' id='word_1_157' title='bbox 782 3586 827 3645; x_wconf 82' lang='lat' dir='ltr'><strong>a&#39;n</strong></span> <span class='ocrx_word' id='word_1_158' title='bbox 843 3587 965 3663; x_wconf 79' lang='lat' dir='ltr'><strong>Barral‚</strong></span> 
     </span>
    </p>
   </div>
   <div class='ocr_carea' id='block_1_6' title="bbox 0 0 1270 4216">
    <p class='ocr_par' dir='ltr' id='par_1_14' title="bbox 0 0 1270 4216">
     <span class='ocr_line' id='line_1_32' title="bbox 0 0 1270 4216; baseline 0 0"><span class='ocrx_word' id='word_1_159' title='bbox 0 0 1270 4216; x_wconf 95' lang='lat' dir='ltr'><strong> </strong></span> 
     </span>
    </p>
   </div>
  </div>
 </body>
</html>
