2520 4216
493 263 526 316 43

205 447 254 488 sos
270 445 335 487 cors
350 427 456 504 adregz
472 445 488 482 o
503 443 558 502 gen
573 422 710 490 formatz,

203 509 449 573 d'ensenbamens
464 529 480 567 e
496 510 531 567 de
546 509 679 580 boutatz,

206 617 263 676 que
278 616 332 656 ane
346 597 434 656 nulhs
449 597 516 653 horn
531 613 568 652 no
584 594 612 650 vi
627 600 677 649 tan
692 609 747 669 gen

206 686 237 742 ni
252 685 289 744 ab
305 692 354 741 tan
369 683 418 740 bel
433 688 631 758 captenemen.

207 857 273 916 Mas
289 873 323 911 ar
337 851 406 912 m’es
422 846 532 927 esquiv'
549 849 643 906 efera

208 934 320 1002 tornad'
335 958 352 996 e
367 940 403 996 de
418 939 507 998 brava
521 935 620 1014 guiza,

207 1047 261 1104 per
275 1045 332 1102 que
345 1025 542 1101 l’esperansas
557 1019 651 1087 brim,

208 1112 265 1170 don
280 1111 309 1168 fo
324 1129 373 1168 ma
386 1109 535 1166 voluntatz
549 1108 626 1184 gaja.

209 1216 263 1280 p9s
278 1197 348 1254 nolh
362 1195 443 1270 platz
457 1193 509 1251 bes
524 1186 601 1249 m’en
616 1186 729 1260 escaja,

210 1283 288 1360 peitz
303 1289 366 1339 trae
380 1279 417 1336 de
431 1285 520 1347 mort,
537 1284 587 1334 tan
602 1274 651 1332 viu
665 1273 748 1330 iratz.

210 1387 244 1428 ar
258 1367 303 1426 sai
317 1385 334 1423 e
349 1381 454 1422 conone
468 1357 550 1438 qu'es
565 1367 691 1426 vertatz,

210 1471 267 1528 que
281 1451 377 1510 diable
393 1467 445 1506 son
461 1448 504 1508 sei
519 1465 624 1524 paren,

211 1533 305 1614 qu'als
321 1553 389 1596 seue
404 1535 480 1592 dona
493 1534 577 1610 pejor
590 1537 714 1588 turmen.

211 1708 384 1781 Tostemps,
400 1705 456 1762 sim
471 1703 587 1779 leguas,
602 1699 749 1758 blasmera

211 1793 266 1851 leis
281 1809 338 1866 que
353 1809 409 1848 non
425 1807 457 1848 es
472 1783 567 1846 d'avol
581 1785 680 1862 guiza:

212 1878 324 1936 mainta
336 1868 480 1948 mensonj'
496 1872 524 1930 ai
540 1871 636 1930 assiza

213 1983 250 2020 en
264 1962 393 2021 blasmar
407 1959 437 2016 la
451 1959 558 2016 domna
571 1958 647 2034 gaja.

212 2067 266 2126 per
279 2041 361 2122 qu'es
377 2062 461 2102 razos
475 2038 562 2119 qu'eu
577 2036 736 2112 m'estraja.

213 2140 294 2190 mout
308 2131 347 2188 mi
362 2137 429 2206 part
443 2129 479 2186 de
495 2123 603 2186 s'amor
616 2125 741 2191 fornatz,

214 2235 298 2293 epos
313 2231 417 2274 conose
432 2231 488 2290 que
502 2219 552 2270 tan
567 2212 589 2270 li
604 2211 708 2288 plan,-

214 2303 304 2360 sivals
318 2299 429 2378 partrai
444 2294 520 2356 m'en
536 2298 678 2354 bonamen

214 2395 244 2444 et
258 2387 313 2444 irai
329 2403 396 2443 mon
410 2384 505 2442 melhs
521 2399 678 2458 enqueren.

498 2755 547 2814 22.

653 2839 697 2917 mss

218 2965 280 3038 Per
293 2997 368 3054 pauc
382 2977 418 3034 de
433 2978 556 3034 chantar
571 2993 607 3033 no
622 2993 668 3032 me
683 2973 753 3042 lais,

218 3083 291 3141 quar
305 3064 350 3121 vei
365 3070 441 3120 mort
453 3065 539 3138 joven
557 3080 573 3118 e
586 3060 669 3118 valor

219 3169 234 3206 e
249 3156 345 3226 pretz,
362 3166 418 3224 que
433 3165 491 3205 non
506 3141 581 3205 trob’
598 3163 635 3203 on
650 3142 773 3220 s‘apais,

217 3234 392 3310 qu’usqueos
406 3227 552 3308 l'empenh
568 3232 596 3288 el
610 3237 677 3308 geta
692 3246 758 3304 p0r3

217 3339 235 3376 e
248 3320 294 3378 vei
309 3327 359 3376 tan
374 3320 482 3376 renhar
496 3317 652 3376 malvestat

218 3405 285 3480 quel
301 3401 371 3482 segl'
387 3424 405 3462 a
420 3411 524 3463 vencut
539 3421 555 3459 e
570 3404 683 3468 sobrat‚

219 3491 244 3548 si
259 3487 417 3566 qu'apenas
432 3498 497 3565 trop
512 3488 584 3546 nulh
599 3503 670 3563 paee

219 3571 297 3650 qu'el
312 3594 366 3651 cap
381 3595 440 3634 non
456 3577 504 3648 aja
518 3591 571 3633 son
586 3573 630 3630 las
644 3587 723 3649 pres.
