2520 4216
485 267 517 318 37

194 429 240 487 Ab
256 429 336 486 color
351 422 487 486 vermelh'
504 448 519 485 e
535 428 641 487 blanca

194 513 253 571 fina
268 514 384 570 beutatz
399 533 450 572 vos
465 513 595 573 saissona

125 637 128 642 -
194 599 230 655 ad
246 618 300 674 ops
316 599 351 656 de
365 607 467 676 portar
481 615 587 658 corona

194 703 244 742 sus
260 703 297 740 en
310 679 474 758 l’emperial
489 685 589 742 banca.

194 787 210 824 e
225 787 298 844 quar
313 778 358 826 etz
374 764 472 826 douss’
489 777 518 824 et
535 770 676 838 humana,

193 861 296 912 teneus
312 853 369 910 tuit
382 873 435 930 per
449 853 603 912 sobeirana

194 937 232 1003 de¹
241 939 283 1010 joi
299 957 315 996 e
330 939 365 995 de
381 939 559 996 honestansa

194 1041 210 1080 e
225 1024 261 1080 de
275 1024 386 1081 valore
402 1019 567 1084 d'onransa.

194 1192 255 1252 Ges
270 1211 324 1252 nos
339 1193 387 1251 dol
402 1193 438 1250 de
452 1211 489 1268 pe
504 1193 534 1250 ni
549 1189 652 1250 d'anca

193 1278 303 1337 lahela
318 1297 357 1336 na
372 1278 595 1354 Guilhelmona‚

192 1363 223 1420 ni
238 1382 269 1421 es
284 1362 360 1422 falsa
374 1364 405 1420 ni
418 1363 517 1420 felona

193 1448 222 1504 ni
237 1467 275 1506 no
290 1455 376 1525 porta
390 1466 441 1508 soc
454 1449 487 1505 ni
502 1465 598 1508 sanna.

193 1551 248 1590 auc
262 1541 312 1591 tan
327 1534 434 1610 gentile
450 1533 604 1594 eiutadana

193 1637 229 1676 no
244 1625 370 1694 nasquet
383 1619 414 1676 ni
429 1625 480 1676 tan
494 1617 657 1689 doussana,

193 1702 255 1762 neis
270 1704 300 1761 la
314 1704 386 1760 filha
400 1723 438 1761 na
454 1701 614 1772 Costansa,

192 1807 245 1864 per
259 1789 305 1846 cui
318 1791 421 1862 jovens
437 1784 511 1846 saut'
528 1808 544 1846 e
558 1787 659 1846 dansa.

193 1952 299 2031 Qu'om
314 1977 381 2016 nom
397 1957 491 2033 poiria
504 1958 543 2015 ab
557 1958 664 2034 planca

193 2042 269 2119 gitar
283 2042 331 2100 del
342 2043 405 2100 linh
422 2043 457 2100 de
472 2043 627 2112 Narbona,

193 2145 265 2200 quar
279 2147 316 2186 en
331 2134 381 2184 tau
397 2146 475 2202 quan
490 2129 624 2186 revirona

192 2214 265 2286 cels,
281 2232 339 2270 non
355 2233 374 2270 a
388 2231 475 2272 saura
489 2213 520 2270 ni
535 2214 628 2273 danea

192 2305 254 2355 tant
267 2298 372 2356 avinen
386 2299 533 2358 crestiana

191 2383 221 2440 ni
233 2386 338 2457 juzeva
352 2383 382 2440 ni
396 2403 525 2460 pagana,

192 2485 247 2542 que
262 2469 357 2526 denan
374 2475 451 2526 totas
467 2462 604 2527 s'enansa

192 2561 290 2612 vostra
305 2554 441 2612 covinens
457 2554 633 2612 semblansa.

190 2715 286 2781 Velh'a
300 2721 362 2780 rica
375 2723 445 2780 tenh
463 2741 516 2799 per
530 2740 647 2792 manca,

192 2817 283 2882 quant
297 2827 316 2864 a
330 2809 421 2884 poder
436 2827 452 2865 e
467 2827 504 2865 no
520 2808 596 2866 dona

190 2901 220 2950 et
234 2893 319 2950 aeolh
333 2894 393 2951 mal
408 2913 424 2950 e
438 2894 516 2969 peitz
532 2911 619 2950 sona:

190 2985 273 3052 pretz
287 2978 317 3036 la
331 2979 424 3037 meins
440 2995 496 3054 que
511 2973 588 3036 s'era
603 2996 699 3036 rauca.

190 3081 252 3120 mas
267 3062 304 3120 de
318 3064 409 3141 gentil
425 3062 596 3122 Castellana

190 3149 246 3206 ben
260 3143 323 3204 fait'
339 3151 376 3208 ab
391 3149 471 3206 color
483 3149 520 3207 de
534 3168 625 3226 grana

190 3251 237 3290 am
251 3232 326 3290 mais
341 3233 371 3290 la
385 3229 452 3292 bon'
469 3252 628 3310 esperansa

189 3333 246 3392 que
260 3318 309 3394 pel
323 3317 454 3378 froneida
468 3319 499 3376 ni
513 3337 610 3378 rausa.

191 3486 251 3560 Qui
266 3482 333 3545 d'en
348 3487 442 3565 Diego
458 3483 619 3562 s'arranca‚

189 3591 249 3630 non
263 3591 282 3630 a
296 3573 417 3630 mestier
430 3592 494 3632 mas
509 3591 581 3652 ques
597 3593 673 3649 pona
