<?xml version="1.0" encoding="UTF-8"?>
<!DOCTYPE html PUBLIC "-//W3C//DTD XHTML 1.0 Transitional//EN"
    "http://www.w3.org/TR/xhtml1/DTD/xhtml1-transitional.dtd">
<html xmlns="http://www.w3.org/1999/xhtml" xml:lang="en" lang="en">
 <head>
  <title>
</title>
<meta http-equiv="Content-Type" content="text/html;charset=utf-8" />
  <meta name='ocr-system' content='tesseract 3.04.00' />
  <meta name='ocr-capabilities' content='ocr_page ocr_carea ocr_par ocr_line ocrx_word'/>
</head>
<body>
  <div class='ocr_page' id='page_1' title='image "./lieder00bartgoog_0173.png"; bbox 0 0 2520 4216; ppageno 0'>
   <div class='ocr_carea' id='block_1_1' title="bbox 519 279 552 331">
    <p class='ocr_par' dir='ltr' id='par_1_1' title="bbox 519 279 552 331">
     <span class='ocr_line' id='line_1_1' title="bbox 519 279 552 331; baseline 0.03 -1"><span class='ocrx_word' id='word_1_1' title='bbox 519 279 552 331; x_wconf 82' lang='lat'><strong>45</strong></span> 
     </span>
    </p>
   </div>
   <div class='ocr_carea' id='block_1_2' title="bbox 229 435 830 924">
    <p class='ocr_par' dir='ltr' id='par_1_2' title="bbox 229 435 830 684">
     <span class='ocr_line' id='line_1_2' title="bbox 230 435 830 518; baseline -0.002 -19"><span class='ocrx_word' id='word_1_2' title='bbox 230 439 314 518; x_wconf 85' lang='lat' dir='ltr'><strong>qu&#39;us</strong></span> <span class='ocrx_word' id='word_1_3' title='bbox 330 440 366 497; x_wconf 84' lang='lat' dir='ltr'><strong>fis</strong></span> <span class='ocrx_word' id='word_1_4' title='bbox 378 440 437 516; x_wconf 83' lang='lat' dir='ltr'>jois</span> <span class='ocrx_word' id='word_1_5' title='bbox 453 458 499 497; x_wconf 88' lang='lat' dir='ltr'><strong>me</strong></span> <span class='ocrx_word' id='word_1_6' title='bbox 515 435 626 515; x_wconf 77' lang='lat' dir='ltr'>capdel&#39;</span> <span class='ocrx_word' id='word_1_7' title='bbox 643 459 689 496; x_wconf 83' lang='lat' dir='ltr'><strong>em</strong></span> <span class='ocrx_word' id='word_1_8' title='bbox 705 440 770 498; x_wconf 77' lang='lat' dir='ltr'>nais</span> <span class='ocrx_word' id='word_1_9' title='bbox 827 439 830 446; x_wconf 81' lang='grc'><strong>“</strong></span> 
     </span>
     <span class='ocr_line' id='line_1_3' title="bbox 229 524 771 602; baseline -0.004 -18"><span class='ocrx_word' id='word_1_10' title='bbox 229 545 317 602; x_wconf 81' lang='lat' dir='ltr'>quem</span> <span class='ocrx_word' id='word_1_11' title='bbox 333 533 363 583; x_wconf 83' lang='lat' dir='ltr'><strong>te</strong></span> <span class='ocrx_word' id='word_1_12' title='bbox 375 527 495 599; x_wconf 80' lang='lat' dir='ltr'><strong>jauzent</strong></span> <span class='ocrx_word' id='word_1_13' title='bbox 510 542 545 581; x_wconf 85' lang='lat' dir='ltr'><strong>en</strong></span> <span class='ocrx_word' id='word_1_14' title='bbox 560 543 631 602; x_wconf 80' lang='lat' dir='ltr'>gran</span> <span class='ocrx_word' id='word_1_15' title='bbox 646 524 771 584; x_wconf 64' lang='lat' dir='ltr'><strong>doussor</strong></span> 
     </span>
     <span class='ocr_line' id='line_1_4' title="bbox 229 607 650 684; baseline -0.01 -14"><span class='ocrx_word' id='word_1_16' title='bbox 229 631 276 669; x_wconf 89' lang='lat' dir='ltr'><strong>em</strong></span> <span class='ocrx_word' id='word_1_17' title='bbox 291 607 398 684; x_wconf 84' lang='lat' dir='ltr'>sojorn&#39;</span> <span class='ocrx_word' id='word_1_18' title='bbox 414 629 450 667; x_wconf 86' lang='lat' dir='ltr'><strong>en</strong></span> <span class='ocrx_word' id='word_1_19' title='bbox 466 607 515 666; x_wconf 89' lang='lat' dir='ltr'><strong>fin’</strong></span> <span class='ocrx_word' id='word_1_20' title='bbox 531 610 650 667; x_wconf 76' lang='lat' dir='ltr'><strong>amistat</strong></span> 
     </span>
    </p>

    <p class='ocr_par' dir='ltr' id='par_1_3' title="bbox 230 695 756 774">
     <span class='ocr_line' id='line_1_5' title="bbox 230 695 756 774; baseline -0.008 -20"><span class='ocrx_word' id='word_1_21' title='bbox 230 697 267 754; x_wconf 82' lang='lat' dir='ltr'><strong>de</strong></span> <span class='ocrx_word' id='word_1_22' title='bbox 282 696 337 753; x_wconf 85' lang='lat' dir='ltr'>leis</span> <span class='ocrx_word' id='word_1_23' title='bbox 352 695 402 770; x_wconf 87' lang='lat' dir='ltr'><strong>qui</strong></span> <span class='ocrx_word' id='word_1_24' title='bbox 416 695 484 770; x_wconf 79' lang='lat' dir='ltr'>plus</span> <span class='ocrx_word' id='word_1_25' title='bbox 499 695 539 751; x_wconf 89' lang='lat' dir='ltr'><strong>mi</strong></span> <span class='ocrx_word' id='word_1_26' title='bbox 554 713 609 751; x_wconf 85' lang='lat' dir='ltr'><strong>ven</strong></span> <span class='ocrx_word' id='word_1_27' title='bbox 626 713 661 751; x_wconf 85' lang='lat' dir='ltr'><strong>en</strong></span> <span class='ocrx_word' id='word_1_28' title='bbox 677 703 756 774; x_wconf 74' lang='lat' dir='ltr'>grat:</span> 
     </span>
    </p>

    <p class='ocr_par' dir='ltr' id='par_1_4' title="bbox 231 779 760 924">
     <span class='ocr_line' id='line_1_6' title="bbox 231 779 661 856; baseline -0.002 -17"><span class='ocrx_word' id='word_1_29' title='bbox 231 781 288 840; x_wconf 85' lang='lat' dir='ltr'><strong>esi</strong></span> <span class='ocrx_word' id='word_1_30' title='bbox 304 781 397 840; x_wconf 83' lang='lat' dir='ltr'>voletz</span> <span class='ocrx_word' id='word_1_31' title='bbox 413 781 501 838; x_wconf 81' lang='lat' dir='ltr'><strong>saber</strong></span> <span class='ocrx_word' id='word_1_32' title='bbox 515 779 599 856; x_wconf 83' lang='lat' dir='ltr'><strong>quals</strong></span> <span class='ocrx_word' id='word_1_33' title='bbox 615 799 661 848; x_wconf 85' lang='lat' dir='ltr'><strong>es,</strong></span> 
     </span>
     <span class='ocr_line' id='line_1_7' title="bbox 232 863 760 924; baseline -0.006 0"><span class='ocrx_word' id='word_1_34' title='bbox 232 866 406 924; x_wconf 80' lang='lat' dir='ltr'><strong>demandatz</strong></span> <span class='ocrx_word' id='word_1_35' title='bbox 421 867 451 923; x_wconf 85' lang='lat' dir='ltr'><strong>la</strong></span> <span class='ocrx_word' id='word_1_36' title='bbox 469 883 505 922; x_wconf 79' lang='lat' dir='ltr'><strong>en</strong></span> <span class='ocrx_word' id='word_1_37' title='bbox 522 863 688 923; x_wconf 78' lang='lat' dir='ltr'><strong>Carcassos.</strong></span> <span class='ocrx_word' id='word_1_38' title='bbox 758 886 760 896; x_wconf 43' lang='lat' dir='ltr'>s</span> 
     </span>
    </p>
   </div>
   <div class='ocr_carea' id='block_1_3' title="bbox 231 1036 806 1690">
    <p class='ocr_par' dir='ltr' id='par_1_5' title="bbox 231 1036 632 1112">
     <span class='ocr_line' id='line_1_8' title="bbox 231 1036 632 1112; baseline -0.01 -16"><span class='ocrx_word' id='word_1_39' title='bbox 231 1037 272 1096; x_wconf 76' lang='lat' dir='ltr'><strong>Et</strong></span> <span class='ocrx_word' id='word_1_40' title='bbox 287 1054 341 1094; x_wconf 81' lang='lat' dir='ltr'><strong>ane</strong></span> <span class='ocrx_word' id='word_1_41' title='bbox 356 1055 394 1094; x_wconf 87' lang='lat' dir='ltr'><strong>no</strong></span> <span class='ocrx_word' id='word_1_42' title='bbox 409 1036 500 1112; x_wconf 83' lang='lat' dir='ltr'><strong>galiet</strong></span> <span class='ocrx_word' id='word_1_43' title='bbox 514 1037 544 1094; x_wconf 90' lang='lat' dir='ltr'><strong>ni</strong></span> <span class='ocrx_word' id='word_1_44' title='bbox 559 1037 632 1093; x_wconf 79' lang='lat' dir='ltr'><strong>trais</strong></span> 
     </span>
    </p>

    <p class='ocr_par' dir='ltr' id='par_1_6' title="bbox 233 1121 661 1196">
     <span class='ocr_line' id='line_1_9' title="bbox 233 1121 661 1196; baseline -0.005 -16"><span class='ocrx_word' id='word_1_45' title='bbox 233 1141 286 1181; x_wconf 83' lang='lat' dir='ltr'><strong>son</strong></span> <span class='ocrx_word' id='word_1_46' title='bbox 301 1122 378 1179; x_wconf 84' lang='lat' dir='ltr'>amic</span> <span class='ocrx_word' id='word_1_47' title='bbox 392 1122 438 1178; x_wconf 87' lang='lat' dir='ltr'><strong>nis</strong></span> <span class='ocrx_word' id='word_1_48' title='bbox 454 1129 558 1196; x_wconf 80' lang='lat' dir='ltr'><strong>pauzet</strong></span> <span class='ocrx_word' id='word_1_49' title='bbox 573 1121 661 1190; x_wconf 84' lang='lat' dir='ltr'><strong>color,</strong></span> 
     </span>
    </p>

    <p class='ocr_par' dir='ltr' id='par_1_7' title="bbox 231 1199 806 1367">
     <span class='ocr_line' id='line_1_10' title="bbox 231 1199 806 1283; baseline -0.007 -18"><span class='ocrx_word' id='word_1_50' title='bbox 231 1208 274 1265; x_wconf 87' lang='lat' dir='ltr'><strong>nil</strong></span> <span class='ocrx_word' id='word_1_51' title='bbox 289 1207 373 1283; x_wconf 87' lang='lat' dir='ltr'>qual,</span> <span class='ocrx_word' id='word_1_52' title='bbox 389 1224 463 1281; x_wconf 83' lang='lat' dir='ltr'><strong>quar</strong></span> <span class='ocrx_word' id='word_1_53' title='bbox 477 1206 540 1263; x_wconf 77' lang='lat' dir='ltr'>cela</span> <span class='ocrx_word' id='word_1_54' title='bbox 554 1199 639 1283; x_wconf 87' lang='lat' dir='ltr'>qu&#39;en</span> <span class='ocrx_word' id='word_1_55' title='bbox 654 1205 710 1264; x_wconf 79' lang='lat' dir='ltr'>leis</span> <span class='ocrx_word' id='word_1_56' title='bbox 726 1205 806 1274; x_wconf 76' lang='lat' dir='ltr'>nais,</span> 
     </span>
     <span class='ocr_line' id='line_1_11' title="bbox 232 1285 707 1367; baseline -0.002 -17"><span class='ocrx_word' id='word_1_57' title='bbox 232 1312 264 1351; x_wconf 85' lang='lat' dir='ltr'><strong>es</strong></span> <span class='ocrx_word' id='word_1_58' title='bbox 278 1291 375 1350; x_wconf 84' lang='lat' dir='ltr'><strong>fresca</strong></span> <span class='ocrx_word' id='word_1_59' title='bbox 389 1309 453 1348; x_wconf 83' lang='lat' dir='ltr'><strong>cum</strong></span> <span class='ocrx_word' id='word_1_60' title='bbox 469 1285 527 1349; x_wconf 87' lang='lat' dir='ltr'>roz’</span> <span class='ocrx_word' id='word_1_61' title='bbox 544 1311 579 1347; x_wconf 88' lang='lat' dir='ltr'><strong>en</strong></span> <span class='ocrx_word' id='word_1_62' title='bbox 595 1309 707 1367; x_wconf 81' lang='lat' dir='ltr'><strong>pascor.</strong></span> 
     </span>
    </p>

    <p class='ocr_par' dir='ltr' id='par_1_8' title="bbox 232 1371 633 1435">
     <span class='ocr_line' id='line_1_12' title="bbox 232 1371 633 1435; baseline -0.007 0"><span class='ocrx_word' id='word_1_63' title='bbox 232 1371 289 1435; x_wconf 87' lang='lat' dir='ltr'>bel&#39;</span> <span class='ocrx_word' id='word_1_64' title='bbox 307 1395 338 1434; x_wconf 88' lang='lat' dir='ltr'><strong>es</strong></span> <span class='ocrx_word' id='word_1_65' title='bbox 355 1377 439 1435; x_wconf 78' lang='lat' dir='ltr'><strong>sobre</strong></span> <span class='ocrx_word' id='word_1_66' title='bbox 456 1383 518 1435; x_wconf 84' lang='lat' dir='ltr'>tota</span> <span class='ocrx_word' id='word_1_67' title='bbox 534 1378 633 1433; x_wconf 82' lang='lat' dir='ltr'>beutat</span> 
     </span>
    </p>

    <p class='ocr_par' dir='ltr' id='par_1_9' title="bbox 232 1462 663 1536">
     <span class='ocr_line' id='line_1_13' title="bbox 232 1462 663 1536; baseline -0.005 -17"><span class='ocrx_word' id='word_1_68' title='bbox 232 1470 294 1519; x_wconf 82' lang='lat' dir='ltr'><strong>eta</strong></span> <span class='ocrx_word' id='word_1_69' title='bbox 309 1480 361 1519; x_wconf 81' lang='lat' dir='ltr'><strong>sen</strong></span> <span class='ocrx_word' id='word_1_70' title='bbox 376 1463 413 1519; x_wconf 80' lang='lat' dir='ltr'><strong>ab</strong></span> <span class='ocrx_word' id='word_1_71' title='bbox 425 1464 512 1536; x_wconf 87' lang='lat' dir='ltr'>joven</span> <span class='ocrx_word' id='word_1_72' title='bbox 528 1462 663 1520; x_wconf 82' lang='lat' dir='ltr'><strong>meselat:</strong></span> 
     </span>
    </p>

    <p class='ocr_par' dir='ltr' id='par_1_10' title="bbox 232 1542 727 1624">
     <span class='ocr_line' id='line_1_14' title="bbox 232 1542 727 1624; baseline 0 -20"><span class='ocrx_word' id='word_1_73' title='bbox 232 1567 286 1624; x_wconf 87' lang='lat' dir='ltr'><strong>per</strong></span> <span class='ocrx_word' id='word_1_74' title='bbox 299 1565 371 1622; x_wconf 83' lang='lat' dir='ltr'>ques</span> <span class='ocrx_word' id='word_1_75' title='bbox 386 1542 535 1624; x_wconf 80' lang='lat' dir='ltr'>n&#39;agradol</span> <span class='ocrx_word' id='word_1_76' title='bbox 550 1547 617 1622; x_wconf 89' lang='lat' dir='ltr'>plus</span> <span class='ocrx_word' id='word_1_77' title='bbox 633 1553 727 1604; x_wconf 82' lang='lat' dir='ltr'><strong>cortes</strong></span> 
     </span>
    </p>

    <p class='ocr_par' dir='ltr' id='par_1_11' title="bbox 233 1632 714 1690">
     <span class='ocr_line' id='line_1_15' title="bbox 233 1632 714 1690; baseline 0 -1"><span class='ocrx_word' id='word_1_78' title='bbox 233 1652 269 1689; x_wconf 83' lang='lat' dir='ltr'><strong>en</strong></span> <span class='ocrx_word' id='word_1_79' title='bbox 285 1633 370 1690; x_wconf 84' lang='lat' dir='ltr'>dizon</span> <span class='ocrx_word' id='word_1_80' title='bbox 385 1633 449 1689; x_wconf 84' lang='lat' dir='ltr'>laus</span> <span class='ocrx_word' id='word_1_81' title='bbox 465 1633 502 1690; x_wconf 83' lang='lat' dir='ltr'><strong>ab</strong></span> <span class='ocrx_word' id='word_1_82' title='bbox 518 1632 638 1688; x_wconf 82' lang='lat' dir='ltr'><strong>honratz</strong></span> <span class='ocrx_word' id='word_1_83' title='bbox 653 1633 714 1689; x_wconf 81' lang='lat' dir='ltr'>bes.</span> 
     </span>
    </p>
   </div>
   <div class='ocr_carea' id='block_1_4' title="bbox 515 2023 564 2082">
    <p class='ocr_par' dir='ltr' id='par_1_12' title="bbox 515 2023 564 2082">
     <span class='ocr_line' id='line_1_16' title="bbox 515 2023 564 2082; baseline 0.02 -1"><span class='ocrx_word' id='word_1_84' title='bbox 515 2023 564 2082; x_wconf 74' lang='lat'><strong>23.</strong></span> 
     </span>
    </p>
   </div>
   <div class='ocr_carea' id='block_1_5' title="bbox 234 2212 846 2898">
    <p class='ocr_par' dir='ltr' id='par_1_13' title="bbox 234 2212 739 2302">
     <span class='ocr_line' id='line_1_17' title="bbox 234 2212 739 2302; baseline 0 -18"><span class='ocrx_word' id='word_1_85' title='bbox 234 2212 332 2292; x_wconf 80' lang='lat' dir='ltr'>Quant</span> <span class='ocrx_word' id='word_1_86' title='bbox 346 2227 413 2284; x_wconf 88' lang='lat' dir='ltr'><strong>hom</strong></span> <span class='ocrx_word' id='word_1_87' title='bbox 429 2245 512 2286; x_wconf 80' lang='lat' dir='ltr'>esen</span> <span class='ocrx_word' id='word_1_88' title='bbox 528 2228 623 2285; x_wconf 82' lang='lat' dir='ltr'>autrui</span> <span class='ocrx_word' id='word_1_89' title='bbox 639 2227 739 2302; x_wconf 82' lang='lat' dir='ltr'>poder,</span> 
     </span>
    </p>

    <p class='ocr_par' dir='ltr' id='par_1_14' title="bbox 234 2313 739 2388">
     <span class='ocr_line' id='line_1_18' title="bbox 234 2313 739 2388; baseline 0 -18"><span class='ocrx_word' id='word_1_90' title='bbox 234 2333 272 2370; x_wconf 91' lang='lat' dir='ltr'><strong>no</strong></span> <span class='ocrx_word' id='word_1_91' title='bbox 287 2320 338 2388; x_wconf 86' lang='lat' dir='ltr'><strong>pot</strong></span> <span class='ocrx_word' id='word_1_92' title='bbox 352 2318 413 2369; x_wconf 86' lang='lat' dir='ltr'><strong>totz</strong></span> <span class='ocrx_word' id='word_1_93' title='bbox 429 2330 477 2371; x_wconf 81' lang='lat' dir='ltr'><strong>sos</strong></span> <span class='ocrx_word' id='word_1_94' title='bbox 493 2314 590 2370; x_wconf 82' lang='lat' dir='ltr'><strong>talans</strong></span> <span class='ocrx_word' id='word_1_95' title='bbox 607 2313 739 2388; x_wconf 81' lang='lat' dir='ltr'><strong>eomplir,</strong></span> 
     </span>
    </p>

    <p class='ocr_par' dir='ltr' id='par_1_15' title="bbox 235 2391 650 2474">
     <span class='ocr_line' id='line_1_19' title="bbox 235 2391 650 2474; baseline -0.002 -19"><span class='ocrx_word' id='word_1_96' title='bbox 235 2416 289 2456; x_wconf 82' lang='lat' dir='ltr'><strong>ans</strong></span> <span class='ocrx_word' id='word_1_97' title='bbox 305 2391 400 2455; x_wconf 80' lang='lat' dir='ltr'>l’aven</span> <span class='ocrx_word' id='word_1_98' title='bbox 417 2415 506 2456; x_wconf 84' lang='lat' dir='ltr'>soven</span> <span class='ocrx_word' id='word_1_99' title='bbox 522 2419 540 2455; x_wconf 84' lang='lat' dir='ltr'><strong>a</strong></span> <span class='ocrx_word' id='word_1_100' title='bbox 554 2398 650 2474; x_wconf 83' lang='lat' dir='ltr'><strong>giquir</strong></span> 
     </span>
    </p>

    <p class='ocr_par' dir='ltr' id='par_1_16' title="bbox 235 2479 715 2560">
     <span class='ocr_line' id='line_1_20' title="bbox 235 2479 715 2560; baseline -0.004 -20"><span class='ocrx_word' id='word_1_101' title='bbox 235 2503 288 2560; x_wconf 87' lang='lat' dir='ltr'><strong>per</strong></span> <span class='ocrx_word' id='word_1_102' title='bbox 301 2479 415 2540; x_wconf 82' lang='lat' dir='ltr'>l&#39;autrui</span> <span class='ocrx_word' id='word_1_103' title='bbox 430 2491 496 2559; x_wconf 79' lang='lat' dir='ltr'><strong>grat</strong></span> <span class='ocrx_word' id='word_1_104' title='bbox 510 2483 538 2540; x_wconf 94' lang='lat' dir='ltr'><strong>lo</strong></span> <span class='ocrx_word' id='word_1_105' title='bbox 554 2501 606 2540; x_wconf 84' lang='lat' dir='ltr'><strong>seu</strong></span> <span class='ocrx_word' id='word_1_106' title='bbox 621 2483 715 2540; x_wconf 81' lang='lat' dir='ltr'><strong>voler:</strong></span> 
     </span>
    </p>

    <p class='ocr_par' dir='ltr' id='par_1_17' title="bbox 235 2567 749 2728">
     <span class='ocr_line' id='line_1_21' title="bbox 235 2567 749 2643; baseline -0.004 -18"><span class='ocrx_word' id='word_1_107' title='bbox 235 2568 324 2625; x_wconf 81' lang='lat' dir='ltr'><strong>dones</strong></span> <span class='ocrx_word' id='word_1_108' title='bbox 340 2585 393 2643; x_wconf 86' lang='lat' dir='ltr'><strong>pos</strong></span> <span class='ocrx_word' id='word_1_109' title='bbox 409 2587 445 2624; x_wconf 86' lang='lat' dir='ltr'><strong>en</strong></span> <span class='ocrx_word' id='word_1_110' title='bbox 459 2567 552 2643; x_wconf 74' lang='lat' dir='ltr'>podet</span> <span class='ocrx_word' id='word_1_111' title='bbox 565 2586 611 2624; x_wconf 85' lang='lat' dir='ltr'><strong>me</strong></span> <span class='ocrx_word' id='word_1_112' title='bbox 627 2568 672 2624; x_wconf 81' lang='lat' dir='ltr'><strong>sui</strong></span> <span class='ocrx_word' id='word_1_113' title='bbox 687 2585 749 2624; x_wconf 85' lang='lat' dir='ltr'><strong>mes</strong></span> 
     </span>
     <span class='ocr_line' id='line_1_22' title="bbox 235 2649 744 2728; baseline -0.006 -18"><span class='ocrx_word' id='word_1_114' title='bbox 235 2649 356 2722; x_wconf 83' lang='lat' dir='ltr'><strong>d&#39;amor‚</strong></span> <span class='ocrx_word' id='word_1_115' title='bbox 373 2653 466 2728; x_wconf 84' lang='lat' dir='ltr'>segrai</span> <span class='ocrx_word' id='word_1_116' title='bbox 482 2653 526 2710; x_wconf 84' lang='lat' dir='ltr'><strong>los</strong></span> <span class='ocrx_word' id='word_1_117' title='bbox 543 2652 617 2710; x_wconf 81' lang='lat' dir='ltr'><strong>mals</strong></span> <span class='ocrx_word' id='word_1_118' title='bbox 633 2652 676 2709; x_wconf 84' lang='lat' dir='ltr'><strong>els</strong></span> <span class='ocrx_word' id='word_1_119' title='bbox 692 2652 744 2708; x_wconf 85' lang='lat' dir='ltr'><strong>bes</strong></span> 
     </span>
    </p>

    <p class='ocr_par' dir='ltr' id='par_1_18' title="bbox 235 2729 846 2898">
     <span class='ocr_line' id='line_1_23' title="bbox 235 2729 846 2811; baseline -0.002 -17"><span class='ocrx_word' id='word_1_120' title='bbox 235 2739 279 2795; x_wconf 88' lang='lat' dir='ltr'><strong>els</strong></span> <span class='ocrx_word' id='word_1_121' title='bbox 294 2745 369 2796; x_wconf 83' lang='lat' dir='ltr'><strong>tortz</strong></span> <span class='ocrx_word' id='word_1_122' title='bbox 385 2738 428 2794; x_wconf 82' lang='lat' dir='ltr'><strong>els</strong></span> <span class='ocrx_word' id='word_1_123' title='bbox 444 2737 536 2794; x_wconf 85' lang='lat' dir='ltr'>dreitz</span> <span class='ocrx_word' id='word_1_124' title='bbox 552 2737 595 2794; x_wconf 81' lang='lat' dir='ltr'><strong>els</strong></span> <span class='ocrx_word' id='word_1_125' title='bbox 611 2737 684 2794; x_wconf 83' lang='lat' dir='ltr'><strong>dans</strong></span> <span class='ocrx_word' id='word_1_126' title='bbox 705 2729 748 2793; x_wconf 83' lang='lat' dir='ltr'><strong>els</strong></span> <span class='ocrx_word' id='word_1_127' title='bbox 763 2751 831 2811; x_wconf 81' lang='lat' dir='ltr'>pros</span> <span class='ocrx_word' id='word_1_128' title='bbox 837 2777 846 2804; x_wconf 92' lang='lat'><strong><em>,</em></strong></span> 
     </span>
     <span class='ocr_line' id='line_1_24' title="bbox 236 2816 693 2898; baseline -0.004 -17"><span class='ocrx_word' id='word_1_129' title='bbox 236 2820 356 2898; x_wconf 83' lang='lat' dir='ltr'>qu&#39;aissi</span> <span class='ocrx_word' id='word_1_130' title='bbox 371 2816 428 2878; x_wconf 84' lang='lat' dir='ltr'><strong>m&#39;o</strong></span> <span class='ocrx_word' id='word_1_131' title='bbox 444 2821 585 2880; x_wconf 80' lang='lat' dir='ltr'><strong>comanda</strong></span> <span class='ocrx_word' id='word_1_132' title='bbox 599 2839 693 2879; x_wconf 54' lang='lat' dir='ltr'>razoss</span> 
     </span>
    </p>
   </div>
   <div class='ocr_carea' id='block_1_6' title="bbox 235 2990 834 3665">
    <p class='ocr_par' dir='ltr' id='par_1_19' title="bbox 236 2990 685 3068">
     <span class='ocr_line' id='line_1_25' title="bbox 236 2990 685 3068; baseline -0.009 -17"><span class='ocrx_word' id='word_1_133' title='bbox 236 2991 295 3051; x_wconf 85' lang='lat' dir='ltr'><strong>Car</strong></span> <span class='ocrx_word' id='word_1_134' title='bbox 309 2993 359 3067; x_wconf 87' lang='lat' dir='ltr'><strong>qui</strong></span> <span class='ocrx_word' id='word_1_135' title='bbox 375 2993 403 3050; x_wconf 84' lang='lat' dir='ltr'><strong>al</strong></span> <span class='ocrx_word' id='word_1_136' title='bbox 419 2992 499 3068; x_wconf 85' lang='lat' dir='ltr'>segle</span> <span class='ocrx_word' id='word_1_137' title='bbox 513 2990 561 3048; x_wconf 88' lang='lat' dir='ltr'><strong>vol</strong></span> <span class='ocrx_word' id='word_1_138' title='bbox 576 2991 685 3068; x_wconf 83' lang='lat' dir='ltr'>plazer‚</span> 
     </span>
    </p>

    <p class='ocr_par' dir='ltr' id='par_1_20' title="bbox 235 3075 684 3136">
     <span class='ocr_line' id='line_1_26' title="bbox 235 3075 684 3136; baseline -0.009 0"><span class='ocrx_word' id='word_1_139' title='bbox 235 3079 361 3136; x_wconf 75' lang='lat' dir='ltr'><strong>maintas</strong></span> <span class='ocrx_word' id='word_1_140' title='bbox 376 3085 441 3135; x_wconf 82' lang='lat' dir='ltr'><strong>vetz</strong></span> <span class='ocrx_word' id='word_1_141' title='bbox 455 3077 550 3135; x_wconf 81' lang='lat' dir='ltr'>l&#39;aven</span> <span class='ocrx_word' id='word_1_142' title='bbox 565 3095 583 3133; x_wconf 84' lang='lat' dir='ltr'><strong>a</strong></span> <span class='ocrx_word' id='word_1_143' title='bbox 598 3075 684 3134; x_wconf 81' lang='lat' dir='ltr'>sofrir</span> 
     </span>
    </p>

    <p class='ocr_par' dir='ltr' id='par_1_21' title="bbox 236 3161 764 3238">
     <span class='ocr_line' id='line_1_27' title="bbox 236 3161 764 3238; baseline -0.004 -18"><span class='ocrx_word' id='word_1_144' title='bbox 236 3181 269 3221; x_wconf 83' lang='lat' dir='ltr'><strong>so</strong></span> <span class='ocrx_word' id='word_1_145' title='bbox 284 3163 372 3238; x_wconf 87' lang='lat' dir='ltr'>quelh</span> <span class='ocrx_word' id='word_1_146' title='bbox 388 3162 520 3238; x_wconf 81' lang='lat' dir='ltr'><strong>desplatz</strong></span> <span class='ocrx_word' id='word_1_147' title='bbox 535 3165 572 3220; x_wconf 82' lang='lat' dir='ltr'><strong>ab</strong></span> <span class='ocrx_word' id='word_1_148' title='bbox 587 3181 644 3238; x_wconf 79' lang='lat' dir='ltr'><strong>gen</strong></span> <span class='ocrx_word' id='word_1_149' title='bbox 660 3161 764 3230; x_wconf 85' lang='lat' dir='ltr'>cobrir,</span> 
     </span>
    </p>

    <p class='ocr_par' dir='ltr' id='par_1_22' title="bbox 236 3247 687 3316">
     <span class='ocr_line' id='line_1_28' title="bbox 236 3247 687 3316; baseline -0.002 -12"><span class='ocrx_word' id='word_1_150' title='bbox 236 3249 274 3306; x_wconf 85' lang='lat' dir='ltr'><strong>ab</strong></span> <span class='ocrx_word' id='word_1_151' title='bbox 289 3248 458 3306; x_wconf 79' lang='lat' dir='ltr'><strong>semblansa</strong></span> <span class='ocrx_word' id='word_1_152' title='bbox 471 3247 508 3304; x_wconf 81' lang='lat' dir='ltr'><strong>de</strong></span> <span class='ocrx_word' id='word_1_153' title='bbox 523 3267 580 3304; x_wconf 90' lang='lat' dir='ltr'><strong>non</strong></span> <span class='ocrx_word' id='word_1_154' title='bbox 596 3247 687 3316; x_wconf 80' lang='lat' dir='ltr'><strong>ealer;</strong></span> 
     </span>
    </p>

    <p class='ocr_par' dir='ltr' id='par_1_23' title="bbox 237 3331 749 3494">
     <span class='ocr_line' id='line_1_29' title="bbox 237 3331 749 3410; baseline 0 -20"><span class='ocrx_word' id='word_1_155' title='bbox 237 3352 253 3390; x_wconf 91' lang='lat' dir='ltr'>e</span> <span class='ocrx_word' id='word_1_156' title='bbox 268 3333 332 3410; x_wconf 81' lang='lat' dir='ltr'>pois</span> <span class='ocrx_word' id='word_1_157' title='bbox 349 3351 426 3408; x_wconf 87' lang='lat' dir='ltr'>quan</span> <span class='ocrx_word' id='word_1_158' title='bbox 441 3351 476 3390; x_wconf 86' lang='lat' dir='ltr'><strong>ve</strong></span> <span class='ocrx_word' id='word_1_159' title='bbox 490 3351 547 3408; x_wconf 82' lang='lat' dir='ltr'><strong>que</strong></span> <span class='ocrx_word' id='word_1_160' title='bbox 562 3349 611 3390; x_wconf 82' lang='lat' dir='ltr'><strong>sos</strong></span> <span class='ocrx_word' id='word_1_161' title='bbox 626 3331 687 3390; x_wconf 69' lang='lat' dir='ltr'>locs</span> <span class='ocrx_word' id='word_1_162' title='bbox 703 3349 749 3402; x_wconf 80' lang='lat' dir='ltr'><strong>es,</strong></span> 
     </span>
     <span class='ocr_line' id='line_1_30' title="bbox 237 3411 715 3494; baseline -0.002 -19"><span class='ocrx_word' id='word_1_163' title='bbox 237 3427 338 3476; x_wconf 80' lang='lat' dir='ltr'><strong>eontra</strong></span> <span class='ocrx_word' id='word_1_164' title='bbox 353 3418 397 3474; x_wconf 85' lang='lat' dir='ltr'><strong>cel</strong></span> <span class='ocrx_word' id='word_1_165' title='bbox 412 3418 462 3492; x_wconf 92' lang='lat' dir='ltr'><strong>qui</strong></span> <span class='ocrx_word' id='word_1_166' title='bbox 476 3411 569 3474; x_wconf 83' lang='lat' dir='ltr'>l’aura</span> <span class='ocrx_word' id='word_1_167' title='bbox 584 3435 715 3494; x_wconf 82' lang='lat' dir='ltr'>mespres</span> 
     </span>
    </p>

    <p class='ocr_par' dir='ltr' id='par_1_24' title="bbox 237 3503 618 3571">
     <span class='ocr_line' id='line_1_31' title="bbox 237 3503 618 3571; baseline 0 -10"><span class='ocrx_word' id='word_1_168' title='bbox 237 3523 274 3561; x_wconf 91' lang='lat' dir='ltr'><strong>no</strong></span> <span class='ocrx_word' id='word_1_169' title='bbox 290 3503 335 3561; x_wconf 83' lang='lat' dir='ltr'><strong>sia</strong></span> <span class='ocrx_word' id='word_1_170' title='bbox 349 3503 419 3560; x_wconf 79' lang='lat' dir='ltr'><strong>fiaes</strong></span> <span class='ocrx_word' id='word_1_171' title='bbox 435 3503 466 3559; x_wconf 88' lang='lat' dir='ltr'><strong>ni</strong></span> <span class='ocrx_word' id='word_1_172' title='bbox 481 3503 618 3571; x_wconf 74' lang='lat' dir='ltr'><strong>noalhoS‚</strong></span> 
     </span>
    </p>

    <p class='ocr_par' dir='ltr' id='par_1_25' title="bbox 237 3580 834 3665">
     <span class='ocr_line' id='line_1_32' title="bbox 237 3580 834 3665; baseline -0.003 -20"><span class='ocrx_word' id='word_1_173' title='bbox 237 3583 323 3662; x_wconf 88' lang='lat' dir='ltr'>qu’en</span> <span class='ocrx_word' id='word_1_174' title='bbox 339 3607 411 3665; x_wconf 79' lang='lat' dir='ltr'><strong>gran</strong></span> <span class='ocrx_word' id='word_1_175' title='bbox 426 3585 501 3645; x_wconf 78' lang='lat' dir='ltr'><strong>dreit</strong></span> <span class='ocrx_word' id='word_1_176' title='bbox 516 3597 584 3645; x_wconf 77' lang='lat' dir='ltr'>notz</span> <span class='ocrx_word' id='word_1_177' title='bbox 599 3580 681 3664; x_wconf 75' lang='lat' dir='ltr'>pauc&#39;</span> <span class='ocrx_word' id='word_1_178' title='bbox 696 3587 834 3646; x_wconf 74' lang='lat' dir='ltr'><strong>ooeaizos.</strong></span> 
     </span>
    </p>
   </div>
   <div class='ocr_carea' id='block_1_7' title="bbox 0 0 1274 4216">
    <p class='ocr_par' dir='ltr' id='par_1_26' title="bbox 0 0 1274 4216">
     <span class='ocr_line' id='line_1_33' title="bbox 0 0 1274 4216; baseline 0 0"><span class='ocrx_word' id='word_1_179' title='bbox 0 0 1274 4216; x_wconf 95' lang='lat' dir='ltr'><strong> </strong></span> 
     </span>
    </p>
   </div>
  </div>
 </body>
</html>
