<?xml version="1.0" encoding="UTF-8"?>
<!DOCTYPE html PUBLIC "-//W3C//DTD XHTML 1.0 Transitional//EN"
    "http://www.w3.org/TR/xhtml1/DTD/xhtml1-transitional.dtd">
<html xmlns="http://www.w3.org/1999/xhtml" xml:lang="en" lang="en">
 <head>
  <title>
</title>
<meta http-equiv="Content-Type" content="text/html;charset=utf-8" />
  <meta name='ocr-system' content='tesseract 3.04.00' />
  <meta name='ocr-capabilities' content='ocr_page ocr_carea ocr_par ocr_line ocrx_word'/>
</head>
<body>
  <div class='ocr_page' id='page_1' title='image "./lieder00bartgoog_0141.png"; bbox 0 0 2520 4216; ppageno 0'>
   <div class='ocr_carea' id='block_1_1' title="bbox 488 263 522 318">
    <p class='ocr_par' dir='ltr' id='par_1_1' title="bbox 488 263 522 318">
     <span class='ocr_line' id='line_1_1' title="bbox 488 263 522 318; baseline 0.059 -2"><span class='ocrx_word' id='word_1_1' title='bbox 488 263 522 318; x_wconf 74' lang='lat'><strong>23</strong></span> 
     </span>
    </p>
   </div>
   <div class='ocr_carea' id='block_1_2' title="bbox 201 426 659 758">
    <p class='ocr_par' dir='ltr' id='par_1_2' title="bbox 201 426 659 758">
     <span class='ocr_line' id='line_1_2' title="bbox 202 426 594 501; baseline -0.01 -15"><span class='ocrx_word' id='word_1_2' title='bbox 202 427 277 486; x_wconf 74' lang='lat' dir='ltr'>acui</span> <span class='ocrx_word' id='word_1_3' title='bbox 294 428 347 484; x_wconf 83' lang='lat' dir='ltr'><strong>bos</strong></span> <span class='ocrx_word' id='word_1_4' title='bbox 362 433 445 501; x_wconf 84' lang='lat' dir='ltr'>pretz</span> <span class='ocrx_word' id='word_1_5' title='bbox 460 443 491 483; x_wconf 83' lang='lat' dir='ltr'><strong>es</strong></span> <span class='ocrx_word' id='word_1_6' title='bbox 506 426 594 494; x_wconf 79' lang='lat' dir='ltr'><strong>aclis,</strong></span> 
     </span>
     <span class='ocr_line' id='line_1_3' title="bbox 202 508 598 580; baseline -0.003 -11"><span class='ocrx_word' id='word_1_7' title='bbox 202 513 336 570; x_wconf 79' lang='lat' dir='ltr'>eoobrar</span> <span class='ocrx_word' id='word_1_8' title='bbox 350 508 425 568; x_wconf 80' lang='lat' dir='ltr'><strong>m¹an</strong></span> <span class='ocrx_word' id='word_1_9' title='bbox 441 511 598 580; x_wconf 79' lang='lat' dir='ltr'><strong>Proensal,</strong></span> 
     </span>
     <span class='ocr_line' id='line_1_4' title="bbox 203 596 659 672; baseline -0.004 -18"><span class='ocrx_word' id='word_1_10' title='bbox 203 613 274 671; x_wconf 76' lang='lat' dir='ltr'><strong>quar</strong></span> <span class='ocrx_word' id='word_1_11' title='bbox 287 596 378 654; x_wconf 83' lang='lat' dir='ltr'>nulha</span> <span class='ocrx_word' id='word_1_12' title='bbox 392 611 463 672; x_wconf 79' lang='lat' dir='ltr'>gens</span> <span class='ocrx_word' id='word_1_13' title='bbox 480 604 528 652; x_wconf 80' lang='lat' dir='ltr'><strong>tan</strong></span> <span class='ocrx_word' id='word_1_14' title='bbox 544 615 582 654; x_wconf 89' lang='lat' dir='ltr'><strong>no</strong></span> <span class='ocrx_word' id='word_1_15' title='bbox 598 597 659 664; x_wconf 80' lang='lat' dir='ltr'>val,</span> 
     </span>
     <span class='ocr_line' id='line_1_5' title="bbox 201 681 578 758; baseline 0 -19"><span class='ocrx_word' id='word_1_16' title='bbox 201 701 253 758; x_wconf 84' lang='lat' dir='ltr'><strong>per</strong></span> <span class='ocrx_word' id='word_1_17' title='bbox 268 699 324 758; x_wconf 83' lang='lat' dir='ltr'><strong>que</strong></span> <span class='ocrx_word' id='word_1_18' title='bbox 339 683 415 739; x_wconf 70' lang='lat' dir='ltr'><strong>serni</strong></span> <span class='ocrx_word' id='word_1_19' title='bbox 430 681 476 738; x_wconf 90' lang='lat' dir='ltr'><strong>lor</strong></span> <span class='ocrx_word' id='word_1_20' title='bbox 490 682 578 739; x_wconf 77' lang='lat' dir='ltr'><strong>vezis.</strong></span> 
     </span>
    </p>
   </div>
   <div class='ocr_carea' id='block_1_3' title="bbox 491 867 520 926">
    <p class='ocr_par' dir='ltr' id='par_1_3' title="bbox 491 867 520 926">
     <span class='ocr_line' id='line_1_6' title="bbox 491 867 520 926; baseline -0.069 0"><span class='ocrx_word' id='word_1_21' title='bbox 491 867 520 926; x_wconf 86' lang='grc'><strong>9.</strong></span> 
     </span>
    </p>
   </div>
   <div class='ocr_carea' id='block_1_4' title="bbox 202 1005 726 1691">
    <p class='ocr_par' dir='ltr' id='par_1_4' title="bbox 202 1005 621 1079">
     <span class='ocr_line' id='line_1_7' title="bbox 202 1005 621 1079; baseline -0.002 0"><span class='ocrx_word' id='word_1_22' title='bbox 202 1005 248 1079; x_wconf 85' lang='lat' dir='ltr'><strong>De</strong></span> <span class='ocrx_word' id='word_1_23' title='bbox 262 1021 384 1078; x_wconf 78' lang='lat' dir='ltr'><strong>chantar</strong></span> <span class='ocrx_word' id='word_1_24' title='bbox 397 1017 487 1078; x_wconf 81' lang='lat' dir='ltr'><strong>m&#39;era</strong></span> <span class='ocrx_word' id='word_1_25' title='bbox 500 1019 621 1079; x_wconf 79' lang='lat' dir='ltr'><strong>laissatz</strong></span> 
     </span>
    </p>

    <p class='ocr_par' dir='ltr' id='par_1_5' title="bbox 203 1105 517 1181">
     <span class='ocr_line' id='line_1_8' title="bbox 203 1105 517 1181; baseline -0.006 -17"><span class='ocrx_word' id='word_1_26' title='bbox 203 1125 255 1181; x_wconf 85' lang='lat' dir='ltr'><strong>per</strong></span> <span class='ocrx_word' id='word_1_27' title='bbox 268 1107 313 1163; x_wconf 78' lang='lat' dir='ltr'><strong>ira</strong></span> <span class='ocrx_word' id='word_1_28' title='bbox 327 1125 343 1162; x_wconf 81' lang='lat' dir='ltr'>e</span> <span class='ocrx_word' id='word_1_29' title='bbox 357 1125 411 1181; x_wconf 87' lang='lat' dir='ltr'><strong>per</strong></span> <span class='ocrx_word' id='word_1_30' title='bbox 425 1105 517 1174; x_wconf 87' lang='lat' dir='ltr'><strong>dolor,</strong></span> 
     </span>
    </p>

    <p class='ocr_par' dir='ltr' id='par_1_6' title="bbox 202 1188 726 1432">
     <span class='ocr_line' id='line_1_9' title="bbox 203 1188 667 1265; baseline -0.002 -16"><span class='ocrx_word' id='word_1_31' title='bbox 203 1188 278 1265; x_wconf 83' lang='lat' dir='ltr'><strong>qu’ai</strong></span> <span class='ocrx_word' id='word_1_32' title='bbox 293 1191 341 1248; x_wconf 85' lang='lat' dir='ltr'><strong>del</strong></span> <span class='ocrx_word' id='word_1_33' title='bbox 357 1199 450 1248; x_wconf 80' lang='lat' dir='ltr'>comte</span> <span class='ocrx_word' id='word_1_34' title='bbox 465 1209 531 1247; x_wconf 90' lang='lat' dir='ltr'><strong>mon</strong></span> <span class='ocrx_word' id='word_1_35' title='bbox 547 1191 667 1248; x_wconf 81' lang='lat' dir='ltr'>senhor:</span> 
     </span>
     <span class='ocr_line' id='line_1_10' title="bbox 202 1272 726 1352; baseline 0 -20"><span class='ocrx_word' id='word_1_36' title='bbox 202 1294 264 1334; x_wconf 83' lang='lat' dir='ltr'><strong>mas</strong></span> <span class='ocrx_word' id='word_1_37' title='bbox 279 1293 333 1352; x_wconf 80' lang='lat' dir='ltr'><strong>pos</strong></span> <span class='ocrx_word' id='word_1_38' title='bbox 349 1275 394 1334; x_wconf 87' lang='lat' dir='ltr'><strong>vei</strong></span> <span class='ocrx_word' id='word_1_39' title='bbox 409 1272 486 1350; x_wconf 82' lang='lat' dir='ltr'><strong>qu’al</strong></span> <span class='ocrx_word' id='word_1_40' title='bbox 501 1278 558 1334; x_wconf 86' lang='lat' dir='ltr'><strong>bon</strong></span> <span class='ocrx_word' id='word_1_41' title='bbox 573 1276 616 1334; x_wconf 85' lang='lat' dir='ltr'><strong>rei</strong></span> <span class='ocrx_word' id='word_1_42' title='bbox 631 1276 726 1352; x_wconf 84' lang='lat' dir='ltr'><strong>platz,</strong></span> 
     </span>
     <span class='ocr_line' id='line_1_11' title="bbox 202 1360 557 1432; baseline 0.003 -16"><span class='ocrx_word' id='word_1_43' title='bbox 202 1360 274 1419; x_wconf 80' lang='lat' dir='ltr'><strong>farai</strong></span> <span class='ocrx_word' id='word_1_44' title='bbox 289 1367 349 1419; x_wconf 78' lang='lat' dir='ltr'><strong>tost</strong></span> <span class='ocrx_word' id='word_1_45' title='bbox 362 1377 420 1418; x_wconf 83' lang='lat' dir='ltr'><strong>una</strong></span> <span class='ocrx_word' id='word_1_46' title='bbox 434 1361 557 1432; x_wconf 69' lang='lat' dir='ltr'><strong>chanao,</strong></span> 
     </span>
    </p>

    <p class='ocr_par' dir='ltr' id='par_1_7' title="bbox 203 1448 537 1522">
     <span class='ocr_line' id='line_1_12' title="bbox 203 1448 537 1522; baseline 0 -20"><span class='ocrx_word' id='word_1_47' title='bbox 203 1462 258 1520; x_wconf 87' lang='lat' dir='ltr'><strong>que</strong></span> <span class='ocrx_word' id='word_1_48' title='bbox 272 1453 375 1522; x_wconf 85' lang='lat' dir='ltr'>porten</span> <span class='ocrx_word' id='word_1_49' title='bbox 390 1463 426 1502; x_wconf 86' lang='lat' dir='ltr'><strong>en</strong></span> <span class='ocrx_word' id='word_1_50' title='bbox 442 1448 537 1522; x_wconf 71' lang='lat' dir='ltr'>Arago</span> 
     </span>
    </p>

    <p class='ocr_par' dir='ltr' id='par_1_8' title="bbox 203 1527 722 1691">
     <span class='ocr_line' id='line_1_13' title="bbox 203 1527 722 1600; baseline -0.004 -10"><span class='ocrx_word' id='word_1_51' title='bbox 203 1529 355 1590; x_wconf 81' lang='lat' dir='ltr'>Guilhems</span> <span class='ocrx_word' id='word_1_52' title='bbox 371 1527 416 1588; x_wconf 87' lang='lat' dir='ltr'><strong>e’n</strong></span> <span class='ocrx_word' id='word_1_53' title='bbox 430 1529 564 1588; x_wconf 78' lang='lat' dir='ltr'><strong>Blascols</strong></span> <span class='ocrx_word' id='word_1_54' title='bbox 580 1531 722 1600; x_wconf 72' lang='lat' dir='ltr'>Romus,</span> 
     </span>
     <span class='ocr_line' id='line_1_14' title="bbox 203 1615 616 1691; baseline -0.002 -18"><span class='ocrx_word' id='word_1_55' title='bbox 203 1615 240 1673; x_wconf 83' lang='lat' dir='ltr'><strong>sil</strong></span> <span class='ocrx_word' id='word_1_56' title='bbox 254 1634 303 1674; x_wconf 81' lang='lat' dir='ltr'><strong>sos</strong></span> <span class='ocrx_word' id='word_1_57' title='bbox 318 1615 364 1673; x_wconf 87' lang='lat' dir='ltr'><strong>lor</strong></span> <span class='ocrx_word' id='word_1_58' title='bbox 376 1635 431 1691; x_wconf 84' lang='lat' dir='ltr'><strong>par</strong></span> <span class='ocrx_word' id='word_1_59' title='bbox 445 1616 497 1673; x_wconf 85' lang='lat' dir='ltr'><strong>bos</strong></span> <span class='ocrx_word' id='word_1_60' title='bbox 513 1635 529 1672; x_wconf 85' lang='lat' dir='ltr'>e</span> <span class='ocrx_word' id='word_1_61' title='bbox 544 1615 616 1673; x_wconf 80' lang='lat' dir='ltr'>leus.</span> 
     </span>
    </p>
   </div>
   <div class='ocr_carea' id='block_1_5' title="bbox 201 1781 727 2456">
    <p class='ocr_par' dir='ltr' id='par_1_9' title="bbox 203 1781 705 1853">
     <span class='ocr_line' id='line_1_15' title="bbox 203 1781 705 1853; baseline -0.004 -11"><span class='ocrx_word' id='word_1_62' title='bbox 203 1781 303 1844; x_wconf 81' lang='lat' dir='ltr'>Es&#39;eu</span> <span class='ocrx_word' id='word_1_63' title='bbox 318 1785 406 1842; x_wconf 78' lang='lat' dir='ltr'><strong>ebant</strong></span> <span class='ocrx_word' id='word_1_64' title='bbox 420 1803 485 1843; x_wconf 81' lang='lat' dir='ltr'><strong>oum</strong></span> <span class='ocrx_word' id='word_1_65' title='bbox 500 1785 567 1842; x_wconf 87' lang='lat' dir='ltr'><strong>hom</strong></span> <span class='ocrx_word' id='word_1_66' title='bbox 581 1782 705 1853; x_wconf 79' lang='lat' dir='ltr'><strong>forsatz,</strong></span> 
     </span>
    </p>

    <p class='ocr_par' dir='ltr' id='par_1_10' title="bbox 203 1867 633 1944">
     <span class='ocr_line' id='line_1_16' title="bbox 203 1867 633 1944; baseline -0.005 -16"><span class='ocrx_word' id='word_1_67' title='bbox 203 1888 255 1944; x_wconf 84' lang='lat' dir='ltr'><strong>pos</strong></span> <span class='ocrx_word' id='word_1_68' title='bbox 270 1889 337 1927; x_wconf 88' lang='lat' dir='ltr'><strong>mon</strong></span> <span class='ocrx_word' id='word_1_69' title='bbox 352 1870 460 1928; x_wconf 86' lang='lat' dir='ltr'>senhor</span> <span class='ocrx_word' id='word_1_70' title='bbox 474 1867 522 1926; x_wconf 80' lang='lat' dir='ltr'><strong>n&#39;a</strong></span> <span class='ocrx_word' id='word_1_71' title='bbox 539 1870 633 1939; x_wconf 71' lang='lat' dir='ltr'><strong>nabor,</strong></span> 
     </span>
    </p>

    <p class='ocr_par' dir='ltr' id='par_1_11' title="bbox 203 1955 579 2032">
     <span class='ocr_line' id='line_1_17' title="bbox 203 1955 579 2032; baseline 0.005 -23"><span class='ocrx_word' id='word_1_72' title='bbox 203 1973 239 2012; x_wconf 91' lang='lat' dir='ltr'><strong>no</strong></span> <span class='ocrx_word' id='word_1_73' title='bbox 254 1962 371 2032; x_wconf 76' lang='lat' dir='ltr'>tengatz</span> <span class='ocrx_word' id='word_1_74' title='bbox 382 1973 435 2030; x_wconf 80' lang='lat' dir='ltr'><strong>per</strong></span> <span class='ocrx_word' id='word_1_75' title='bbox 449 1955 579 2030; x_wconf 81' lang='lat' dir='ltr'><strong>sordejor</strong></span> 
     </span>
    </p>

    <p class='ocr_par' dir='ltr' id='par_1_12' title="bbox 202 2036 727 2286">
     <span class='ocr_line' id='line_1_18' title="bbox 202 2036 727 2114; baseline -0.002 -18"><span class='ocrx_word' id='word_1_76' title='bbox 202 2057 267 2096; x_wconf 87' lang='lat' dir='ltr'><strong>mon</strong></span> <span class='ocrx_word' id='word_1_77' title='bbox 283 2040 372 2109; x_wconf 77' lang='lat' dir='ltr'><strong>chan,</strong></span> <span class='ocrx_word' id='word_1_78' title='bbox 388 2040 455 2114; x_wconf 85' lang='lat' dir='ltr'>quel</span> <span class='ocrx_word' id='word_1_79' title='bbox 471 2054 535 2098; x_wconf 77' lang='lat' dir='ltr'>cors</span> <span class='ocrx_word' id='word_1_80' title='bbox 550 2036 621 2096; x_wconf 80' lang='lat' dir='ltr'>m’es</span> <span class='ocrx_word' id='word_1_81' title='bbox 635 2037 727 2095; x_wconf 80' lang='lat' dir='ltr'><strong>viratz</strong></span> 
     </span>
     <span class='ocr_line' id='line_1_19' title="bbox 202 2122 715 2201; baseline 0.006 -21"><span class='ocrx_word' id='word_1_82' title='bbox 202 2122 238 2180; x_wconf 78' lang='lat' dir='ltr'><strong>de</strong></span> <span class='ocrx_word' id='word_1_83' title='bbox 251 2125 306 2183; x_wconf 84' lang='lat' dir='ltr'>leis</span> <span class='ocrx_word' id='word_1_84' title='bbox 322 2143 359 2181; x_wconf 91' lang='lat' dir='ltr'><strong>on</strong></span> <span class='ocrx_word' id='word_1_85' title='bbox 374 2141 429 2182; x_wconf 76' lang='lat' dir='ltr'><strong>ano</strong></span> <span class='ocrx_word' id='word_1_86' title='bbox 443 2143 501 2182; x_wconf 85' lang='lat' dir='ltr'><strong>non</strong></span> <span class='ocrx_word' id='word_1_87' title='bbox 516 2125 562 2183; x_wconf 84' lang='lat' dir='ltr'><strong>aio</strong></span> <span class='ocrx_word' id='word_1_88' title='bbox 575 2141 643 2201; x_wconf 86' lang='lat' dir='ltr'>pro,</span> <span class='ocrx_word' id='word_1_89' title='bbox 713 2169 715 2174; x_wconf 77' lang='grc'>.</span> 
     </span>
     <span class='ocr_line' id='line_1_20' title="bbox 202 2210 597 2286; baseline 0.008 -21"><span class='ocrx_word' id='word_1_90' title='bbox 202 2225 287 2284; x_wconf 85' lang='lat' dir='ltr'><strong>quem</strong></span> <span class='ocrx_word' id='word_1_91' title='bbox 301 2217 369 2286; x_wconf 81' lang='lat' dir='ltr'><strong>geta</strong></span> <span class='ocrx_word' id='word_1_92' title='bbox 382 2210 418 2267; x_wconf 89' lang='lat' dir='ltr'><strong>de</strong></span> <span class='ocrx_word' id='word_1_93' title='bbox 436 2211 597 2286; x_wconf 80' lang='lat' dir='ltr'>sospeiss0‚</span> 
     </span>
    </p>

    <p class='ocr_par' dir='ltr' id='par_1_13' title="bbox 201 2295 634 2372">
     <span class='ocr_line' id='line_1_21' title="bbox 201 2295 634 2372; baseline 0.005 -22"><span class='ocrx_word' id='word_1_94' title='bbox 201 2295 229 2350; x_wconf 73' lang='lat' dir='ltr'><strong>el</strong></span> <span class='ocrx_word' id='word_1_95' title='bbox 243 2295 351 2369; x_wconf 71' lang='lat' dir='ltr'><strong>partire</strong></span> <span class='ocrx_word' id='word_1_96' title='bbox 367 2313 398 2352; x_wconf 88' lang='lat' dir='ltr'><strong>es</strong></span> <span class='ocrx_word' id='word_1_97' title='bbox 413 2295 453 2352; x_wconf 88' lang='lat' dir='ltr'><strong>mi</strong></span> <span class='ocrx_word' id='word_1_98' title='bbox 468 2303 517 2352; x_wconf 84' lang='lat' dir='ltr'><strong>tan</strong></span> <span class='ocrx_word' id='word_1_99' title='bbox 532 2312 634 2372; x_wconf 75' lang='lat' dir='ltr'>greus,</span> 
     </span>
    </p>

    <p class='ocr_par' dir='ltr' id='par_1_14' title="bbox 202 2379 669 2456">
     <span class='ocr_line' id='line_1_22' title="bbox 202 2379 669 2456; baseline 0 -20"><span class='ocrx_word' id='word_1_100' title='bbox 202 2395 257 2453; x_wconf 86' lang='lat' dir='ltr'><strong>que</strong></span> <span class='ocrx_word' id='word_1_101' title='bbox 272 2397 319 2438; x_wconf 82' lang='lat' dir='ltr'><strong>res</strong></span> <span class='ocrx_word' id='word_1_102' title='bbox 335 2399 393 2437; x_wconf 89' lang='lat' dir='ltr'><strong>non</strong></span> <span class='ocrx_word' id='word_1_103' title='bbox 408 2399 424 2438; x_wconf 89' lang='grc' dir='ltr'><strong>ο</strong></span> <span class='ocrx_word' id='word_1_104' title='bbox 440 2397 493 2456; x_wconf 80' lang='lat' dir='ltr'><strong>sap</strong></span> <span class='ocrx_word' id='word_1_105' title='bbox 509 2397 571 2438; x_wconf 82' lang='lat' dir='ltr'><strong>mas</strong></span> <span class='ocrx_word' id='word_1_106' title='bbox 587 2379 669 2437; x_wconf 71' lang='lat' dir='ltr'>deus.</span> 
     </span>
    </p>
   </div>
   <div class='ocr_carea' id='block_1_6' title="bbox 201 2547 672 3220">
    <p class='ocr_par' dir='ltr' id='par_1_15' title="bbox 202 2547 564 2626">
     <span class='ocr_line' id='line_1_23' title="bbox 202 2547 564 2626; baseline -0.003 -19"><span class='ocrx_word' id='word_1_107' title='bbox 202 2547 304 2607; x_wconf 82' lang='lat' dir='ltr'>Traitz</span> <span class='ocrx_word' id='word_1_108' title='bbox 318 2547 364 2606; x_wconf 82' lang='lat' dir='ltr'><strong>sui</strong></span> <span class='ocrx_word' id='word_1_109' title='bbox 379 2557 408 2606; x_wconf 85' lang='lat' dir='ltr'><strong>et</strong></span> <span class='ocrx_word' id='word_1_110' title='bbox 422 2557 564 2626; x_wconf 78' lang='lat' dir='ltr'>enganatz</span> 
     </span>
    </p>

    <p class='ocr_par' dir='ltr' id='par_1_16' title="bbox 201 2634 549 2704">
     <span class='ocr_line' id='line_1_24' title="bbox 201 2634 549 2704; baseline 0 -14"><span class='ocrx_word' id='word_1_111' title='bbox 201 2651 221 2690; x_wconf 72' lang='lat' dir='ltr'>a</span> <span class='ocrx_word' id='word_1_112' title='bbox 233 2634 272 2691; x_wconf 82' lang='lat' dir='ltr'><strong>lei</strong></span> <span class='ocrx_word' id='word_1_113' title='bbox 287 2634 323 2690; x_wconf 85' lang='lat' dir='ltr'><strong>de</strong></span> <span class='ocrx_word' id='word_1_114' title='bbox 338 2635 394 2692; x_wconf 89' lang='lat' dir='ltr'><strong>bon</strong></span> <span class='ocrx_word' id='word_1_115' title='bbox 410 2634 549 2704; x_wconf 80' lang='lat' dir='ltr'><strong>sem‘dor,</strong></span> 
     </span>
    </p>

    <p class='ocr_par' dir='ltr' id='par_1_17' title="bbox 202 2718 648 2966">
     <span class='ocr_line' id='line_1_25' title="bbox 203 2718 598 2792; baseline -0.005 -16"><span class='ocrx_word' id='word_1_116' title='bbox 203 2735 275 2792; x_wconf 80' lang='lat' dir='ltr'><strong>quar</strong></span> <span class='ocrx_word' id='word_1_117' title='bbox 288 2718 355 2776; x_wconf 89' lang='lat' dir='ltr'><strong>hom</strong></span> <span class='ocrx_word' id='word_1_118' title='bbox 370 2718 410 2775; x_wconf 89' lang='lat' dir='ltr'><strong>mi</strong></span> <span class='ocrx_word' id='word_1_119' title='bbox 425 2727 475 2775; x_wconf 85' lang='lat' dir='ltr'><strong>ten</strong></span> <span class='ocrx_word' id='word_1_120' title='bbox 492 2718 598 2776; x_wconf 83' lang='lat' dir='ltr'><strong>afolor</strong></span> 
     </span>
     <span class='ocr_line' id='line_1_26' title="bbox 202 2801 648 2880; baseline -0.007 -19"><span class='ocrx_word' id='word_1_121' title='bbox 202 2803 307 2861; x_wconf 78' lang='lat' dir='ltr'>sodon</span> <span class='ocrx_word' id='word_1_122' title='bbox 323 2801 400 2880; x_wconf 85' lang='lat' dir='ltr'>degr‘</span> <span class='ocrx_word' id='word_1_123' title='bbox 417 2821 499 2862; x_wconf 81' lang='lat' dir='ltr'><strong>esser</strong></span> <span class='ocrx_word' id='word_1_124' title='bbox 511 2803 648 2860; x_wconf 81' lang='lat' dir='ltr'><strong>honratz:</strong></span> 
     </span>
     <span class='ocr_line' id='line_1_27' title="bbox 203 2885 540 2966; baseline 0.003 -22"><span class='ocrx_word' id='word_1_125' title='bbox 203 2906 218 2944; x_wconf 83' lang='lat' dir='ltr'>e</span> <span class='ocrx_word' id='word_1_126' title='bbox 232 2885 329 2945; x_wconf 83' lang='lat' dir='ltr'><strong>n&#39;aten</strong></span> <span class='ocrx_word' id='word_1_127' title='bbox 344 2888 386 2946; x_wconf 79' lang='lat' dir='ltr'><strong>tal</strong></span> <span class='ocrx_word' id='word_1_128' title='bbox 399 2888 540 2966; x_wconf 81' lang='lat' dir='ltr'><strong>gazardo‚</strong></span> 
     </span>
    </p>

    <p class='ocr_par' dir='ltr' id='par_1_18' title="bbox 203 2972 579 3048">
     <span class='ocr_line' id='line_1_28' title="bbox 203 2972 579 3048; baseline 0.003 -19"><span class='ocrx_word' id='word_1_129' title='bbox 203 2989 267 3030; x_wconf 83' lang='lat' dir='ltr'><strong>cum</strong></span> <span class='ocrx_word' id='word_1_130' title='bbox 282 2972 326 3030; x_wconf 83' lang='lat' dir='ltr'><strong>cel</strong></span> <span class='ocrx_word' id='word_1_131' title='bbox 342 2990 398 3048; x_wconf 81' lang='lat' dir='ltr'><strong>que</strong></span> <span class='ocrx_word' id='word_1_132' title='bbox 413 2991 461 3031; x_wconf 82' lang='lat' dir='ltr'><strong>ser</strong></span> <span class='ocrx_word' id='word_1_133' title='bbox 475 2993 493 3030; x_wconf 77' lang='lat' dir='ltr'><strong>a</strong></span> <span class='ocrx_word' id='word_1_134' title='bbox 507 2972 579 3042; x_wconf 78' lang='lat' dir='ltr'>fe103</span> 
     </span>
    </p>

    <p class='ocr_par' dir='ltr' id='par_1_19' title="bbox 202 3054 672 3220">
     <span class='ocr_line' id='line_1_29' title="bbox 202 3054 642 3126; baseline 0 -12"><span class='ocrx_word' id='word_1_135' title='bbox 202 3077 265 3115; x_wconf 77' lang='lat' dir='ltr'><strong>mas</strong></span> <span class='ocrx_word' id='word_1_136' title='bbox 280 3054 341 3115; x_wconf 83' lang='lat' dir='ltr'>s’eu</span> <span class='ocrx_word' id='word_1_137' title='bbox 356 3059 483 3116; x_wconf 80' lang='lat' dir='ltr'>derenan</span> <span class='ocrx_word' id='word_1_138' title='bbox 498 3057 544 3116; x_wconf 76' lang='lat' dir='ltr'><strong>sui</strong></span> <span class='ocrx_word' id='word_1_139' title='bbox 559 3074 642 3126; x_wconf 70' lang='lat' dir='ltr'>seuS,</span> 
     </span>
     <span class='ocr_line' id='line_1_30' title="bbox 202 3143 672 3220; baseline 0 -21"><span class='ocrx_word' id='word_1_140' title='bbox 202 3161 220 3199; x_wconf 83' lang='lat' dir='ltr'><strong>a</strong></span> <span class='ocrx_word' id='word_1_141' title='bbox 234 3143 328 3200; x_wconf 83' lang='lat' dir='ltr'>meins</span> <span class='ocrx_word' id='word_1_142' title='bbox 344 3155 390 3200; x_wconf 82' lang='lat' dir='ltr'><strong>me</strong></span> <span class='ocrx_word' id='word_1_143' title='bbox 404 3145 475 3201; x_wconf 88' lang='lat' dir='ltr'>tenh</span> <span class='ocrx_word' id='word_1_144' title='bbox 491 3161 548 3220; x_wconf 76' lang='lat' dir='ltr'><strong>que</strong></span> <span class='ocrx_word' id='word_1_145' title='bbox 558 3145 672 3218; x_wconf 80' lang='lat' dir='ltr'>juzeus.</span> 
     </span>
    </p>
   </div>
   <div class='ocr_carea' id='block_1_7' title="bbox 202 3311 630 3636">
    <p class='ocr_par' dir='ltr' id='par_1_20' title="bbox 202 3311 630 3471">
     <span class='ocr_line' id='line_1_31' title="bbox 202 3311 630 3382; baseline 0.002 -14"><span class='ocrx_word' id='word_1_146' title='bbox 202 3313 228 3368; x_wconf 82' lang='lat' dir='ltr'>A</span> <span class='ocrx_word' id='word_1_147' title='bbox 243 3311 285 3368; x_wconf 81' lang='lat' dir='ltr'><strong>tal</strong></span> <span class='ocrx_word' id='word_1_148' title='bbox 300 3312 433 3370; x_wconf 81' lang='lat' dir='ltr'><strong>domnam</strong></span> <span class='ocrx_word' id='word_1_149' title='bbox 450 3312 494 3370; x_wconf 82' lang='lat' dir='ltr'><strong>sui</strong></span> <span class='ocrx_word' id='word_1_150' title='bbox 509 3311 630 3382; x_wconf 68' lang='lat' dir='ltr'>donau,</span> 
     </span>
     <span class='ocr_line' id='line_1_32' title="bbox 203 3395 583 3471; baseline 0.011 -20"><span class='ocrx_word' id='word_1_151' title='bbox 203 3411 258 3470; x_wconf 76' lang='lat' dir='ltr'><strong>que</strong></span> <span class='ocrx_word' id='word_1_152' title='bbox 273 3396 372 3454; x_wconf 84' lang='lat' dir='ltr'>vinde</span> <span class='ocrx_word' id='word_1_153' title='bbox 383 3397 427 3471; x_wconf 89' lang='lat' dir='ltr'><strong>joi</strong></span> <span class='ocrx_word' id='word_1_154' title='bbox 442 3417 458 3454; x_wconf 84' lang='lat' dir='ltr'>e</span> <span class='ocrx_word' id='word_1_155' title='bbox 472 3395 583 3455; x_wconf 83' lang='lat' dir='ltr'><strong>d’amor</strong></span> 
     </span>
    </p>

    <p class='ocr_par' dir='ltr' id='par_1_21' title="bbox 203 3481 554 3556">
     <span class='ocr_line' id='line_1_33' title="bbox 203 3481 554 3556; baseline 0.009 -19"><span class='ocrx_word' id='word_1_156' title='bbox 203 3499 219 3537; x_wconf 79' lang='lat' dir='ltr'>e</span> <span class='ocrx_word' id='word_1_157' title='bbox 233 3481 270 3537; x_wconf 86' lang='lat' dir='ltr'><strong>de</strong></span> <span class='ocrx_word' id='word_1_158' title='bbox 284 3491 367 3556; x_wconf 80' lang='lat' dir='ltr'>pretz</span> <span class='ocrx_word' id='word_1_159' title='bbox 382 3501 398 3538; x_wconf 83' lang='lat' dir='ltr'><strong>e</strong></span> <span class='ocrx_word' id='word_1_160' title='bbox 414 3481 450 3538; x_wconf 84' lang='lat' dir='ltr'><strong>de</strong></span> <span class='ocrx_word' id='word_1_161' title='bbox 463 3483 554 3551; x_wconf 84' lang='lat' dir='ltr'><strong>valor,</strong></span> 
     </span>
    </p>

    <p class='ocr_par' dir='ltr' id='par_1_22' title="bbox 203 3562 545 3636">
     <span class='ocr_line' id='line_1_34' title="bbox 203 3562 545 3636; baseline 0.003 -14"><span class='ocrx_word' id='word_1_162' title='bbox 203 3583 240 3622; x_wconf 86' lang='lat' dir='ltr'><strong>on</strong></span> <span class='ocrx_word' id='word_1_163' title='bbox 255 3562 359 3624; x_wconf 74' lang='lat' dir='ltr'><strong>s’afina</strong></span> <span class='ocrx_word' id='word_1_164' title='bbox 373 3565 400 3626; x_wconf 81' lang='lat' dir='ltr'><strong>si</strong></span> <span class='ocrx_word' id='word_1_165' title='bbox 414 3567 545 3636; x_wconf 81' lang='lat' dir='ltr'><strong>beutatz,</strong></span> 
     </span>
    </p>
   </div>
   <div class='ocr_carea' id='block_1_8' title="bbox 0 0 1265 4216">
    <p class='ocr_par' dir='ltr' id='par_1_23' title="bbox 0 0 1265 4216">
     <span class='ocr_line' id='line_1_35' title="bbox 0 0 1265 4216; baseline 0 0"><span class='ocrx_word' id='word_1_166' title='bbox 0 0 1265 4216; x_wconf 95' lang='lat' dir='ltr'><strong> </strong></span> 
     </span>
    </p>
   </div>
  </div>
 </body>
</html>
