2520 4216
521 231 554 284 45

232 392 316 470 qu’us
331 393 367 450 fis
380 393 438 468 jois
454 413 500 450 me
516 389 627 469 capdsl'
644 413 690 451 em
706 395 771 452 nais
828 393 831 400 '

232 497 318 554 quem
335 487 364 536 te
376 479 496 552 jauzent
511 497 546 535 en
561 497 633 555 gran
649 479 772 538 doussor

231 583 277 622 em
293 561 399 638 sojorn'
416 583 451 620 en
467 560 516 620 fin'
532 563 651 620 amistat

232 649 268 707 de
283 649 338 706 leis
353 648 404 723 qui
418 649 485 724 plus
500 648 540 704 mi
555 667 610 705 ven
627 667 662 706 en
677 658 757 728 grat:

233 753 249 791 e
265 734 290 792 si
305 735 398 792 volere
415 735 501 792 saber
516 733 600 809 quale
616 753 662 802 es,

234 819 408 876 demandatz
422 819 452 876 la
469 837 506 876 en
523 817 689 877 Carcasses.
758 840 761 850 ¹

232 989 273 1048 Et
288 1007 342 1046 ano
357 1008 394 1046 no
409 989 501 1066 galiet
514 990 545 1046 ni
560 990 632 1046 trais

233 1093 286 1132 son
302 1074 378 1131 amic
393 1075 439 1132 nis
455 1082 559 1149 pauzet
574 1075 661 1144 color,

232 1160 275 1217 nil
290 1159 373 1235 qual,
390 1177 463 1234 quar
477 1161 540 1216 cela
554 1153 640 1235 qu’en
655 1159 710 1218 leis
726 1160 806 1229 nais,

233 1263 264 1302 es
279 1244 376 1302 fresca
390 1261 454 1301 eum
469 1238 528 1302 roz’
545 1263 580 1301 en
596 1263 707 1320 pascor.

233 1323 290 1387 bel’
307 1348 339 1386 es
355 1330 440 1386 sobre
457 1337 518 1387 tota
534 1331 633 1387 beutst

233 1423 263 1470 et
277 1433 295 1471 a
310 1433 361 1472 sen
377 1415 414 1472 ab
425 1417 512 1488 joven
528 1415 663 1473 mesclst:

232 1518 286 1576 per
300 1517 371 1573 ques
386 1495 535 1576 n'agradol
551 1501 617 1576 plus
633 1507 727 1558 cortes

233 1603 270 1640 en
286 1585 370 1642 dizon
385 1585 449 1642 laus
465 1587 503 1642 ab
518 1585 638 1641 honratz
653 1586 715 1644 bes.

515 1977 564 2036 23.

234 2164 332 2244 Quane
345 2181 413 2237 hom
429 2199 460 2238 es
476 2199 512 2237 en
528 2181 622 2238 autrui
639 2181 738 2255 podet,

233 2285 272 2322 no
286 2273 338 2340 pot
352 2271 412 2321 totz
428 2283 477 2324 sos
493 2267 590 2323 talene
606 2267 737 2341 eomplir,

234 2367 288 2406 ans
304 2343 400 2405 l’aven
417 2368 506 2407 eoven
522 2371 540 2408 s
553 2351 650 2428 giquir

233 2455 287 2510 per
300 2431 416 2491 l‘autrui
430 2444 495 2510 grat
509 2436 538 2492 lo
554 2455 606 2492 seu
620 2436 714 2493 voler:

234 2520 324 2576 dones
339 2536 393 2594 pos
409 2537 444 2575 en
459 2521 551 2594 poder
564 2539 610 2576 me
626 2521 671 2577 sui
686 2537 748 2577 mes

234 2599 355 2674 d'amor,
372 2605 466 2680 segrei
482 2605 525 2662 los
541 2605 616 2662 mals
632 2605 675 2662 els
691 2605 742 2661 bes

234 2690 278 2746 els
294 2697 368 2747 tortz
384 2690 427 2746 els
443 2689 535 2746 dreitz
551 2689 594 2746 els
609 2690 683 2746 dans
703 2682 747 2746 els
763 2705 845 2764 pros,

235 2772 355 2849 qu'aisei
370 2769 427 2831 m'o
442 2775 584 2832 comenda
598 2791 692 2832 razosr

235 2942 294 3002 Car
308 2945 358 3019 qui
373 2945 402 3002 al
418 2945 498 3020 segle
513 2944 560 3001 vol
575 2944 684 3020 plazer,

233 3030 360 3087 maintas
374 3037 439 3087 vetz
454 3030 548 3087 l’aven
564 3049 582 3086 a
596 3027 682 3088 sofrir

235 3133 268 3172 so
283 3115 371 3188 quelh
385 3115 519 3191 desplatz
533 3117 571 3173 ab
585 3133 642 3192 gen
659 3114 763 3185 sobrie,

234 3200 272 3256 ab
288 3200 456 3259 semblansa
470 3199 506 3258 de
521 3220 578 3257 non
594 3200 685 3270 ealer3

236 3285 331 3360 spois
347 3303 424 3359 quan
439 3305 474 3342 ve
489 3304 545 3360 que
561 3303 609 3343 sos
624 3285 685 3344 loes
702 3303 747 3356 es,
823 3321 826 3328 ι

235 3379 337 3426 contra
351 3372 395 3427 cel
410 3370 460 3444 qui
474 3364 568 3428 l'aura
581 3389 713 3447 mespres

235 3473 273 3511 no
288 3455 333 3512 sia
347 3455 418 3512 fiaes
433 3456 464 3512 ni
479 3456 616 3525 noalh0s‚

236 3534 321 3613 qu'en
337 3559 409 3616 gran
424 3537 499 3598 dreit
514 3548 581 3598 netz
596 3534 679 3616 psuc’
694 3541 832 3600 oeeaizos.
