2520 4216
733 243 766 298 66

375 407 458 466 Mout
472 404 603 464 m’abelis
618 406 668 481 qui
683 400 742 464 m'a
755 404 824 463 bela
838 405 934 481 paria,

376 509 453 568 quan
468 492 543 549 venh
559 510 595 548 en
610 490 657 548 loc
673 510 688 548 e
703 509 741 548 no
757 490 803 548 sui
818 498 974 568 conogutz,

375 576 408 634 ni
422 577 472 651 qui
487 573 646 651 m’enquier
661 595 696 633 en
712 575 761 654 dig
774 575 811 632 de
826 575 967 646 eortezia,

376 661 412 718 de
427 662 495 736 qual
510 669 577 738 part
591 661 637 718 sui
652 661 798 736 repairatz
813 661 844 717 ni
859 670 984 738 mogutz.

376 763 426 804 car
439 746 603 804 demandan
618 764 649 805 es
664 746 731 803 hom
746 753 920 823 reconogutz
1030 761 1035 768 ·

376 850 392 888 e
407 831 586 908 responden,
601 849 654 907 per
668 829 750 907 qu’es
765 849 847 889 razon
863 825 960 905 qu'om
976 831 1022 888 sia

376 917 412 974 de
427 917 476 976 bel
490 933 591 992 respon
606 916 651 974 als
666 933 755 994 grans
770 923 800 973 et
813 916 858 974 als
874 923 1000 974 menutz.

376 1087 417 1144 Et
431 1105 463 1145 es
479 1086 543 1145 bels
558 1103 642 1153 sens,
659 1093 749 1160 quant
763 1086 830 1143 hom
846 1102 899 1160 sap
913 1103 970 1162 gen
984 1085 1147 1162 respondre

376 1190 395 1228 a
408 1179 471 1229 tota
484 1191 554 1249 gen,
571 1189 660 1248 segon
676 1189 732 1246 que
747 1172 849 1228 caseus
864 1189 911 1240 θος

377 1256 469 1314 carlo
485 1257 563 1314 savis
578 1273 649 1312 aura
663 1255 744 1313 talan
760 1272 851 1330 queus
867 1256 970 1327 ondre,

376 1342 402 1398 si
417 1341 454 1398 de
468 1341 663 1417 respondreus
677 1341 762 1398 troba
776 1341 833 1398 ben
847 1359 944 1416 apres.

376 1445 392 1482 e
407 1420 463 1484 s'al
476 1425 557 1484 nesci
572 1423 654 1500 qu'er
667 1443 737 1502 pecs
752 1443 768 1482 e
784 1426 842 1484 mal
857 1443 943 1501 apres

374 1529 412 1568 no
427 1511 615 1586 respondetz,
630 1530 702 1587 greu
717 1529 749 1568 er
762 1527 819 1585 que
834 1529 908 1569 nous
923 1509 1067 1568 dezondre

375 1595 410 1654 de
424 1595 561 1671 paraulas
577 1615 593 1653 ο
609 1595 644 1653 de
660 1595 743 1665 faitz,
760 1596 861 1654 siloes
876 1589 949 1654 n’eS.

373 1765 462 1822 Aitan
478 1784 529 1823 vos
545 1766 612 1824 volh
627 1766 663 1823 de
678 1784 746 1823 mon
759 1766 861 1842 plazer
873 1765 1049 1841 despondre,

373 1847 440 1925 qu’a
453 1850 494 1909 mi
508 1851 588 1926 platz
602 1851 678 1909 mais
692 1868 727 1908 us
743 1849 880 1909 sofraitos
895 1859 1004 1920 cortes,

374 1953 430 2009 que
444 1936 494 1992 del
509 1953 561 1994 seu
574 1955 649 2012 pauc
664 1954 718 2012 sap
733 1936 825 1994 servir
840 1955 856 1993 e
871 1935 1025 1994 somondre

373 2020 413 2078 lai
429 2039 465 2078 on
482 2017 619 2091 s'eschai‚
637 2039 725 2098 segon
741 2021 809 2095 quel
824 2021 929 2096 podere
945 2037 991 2089 es,

373 2099 458 2179 qu'us
473 2105 531 2163 ries
546 2106 672 2164 malvatz
686 2125 705 2162 a
719 2107 765 2164 cui
779 2104 897 2164 sofranh
913 2123 1033 2176 merces,

372 2197 423 2246 tan
438 2184 535 2262 qu'om
550 2209 588 2248 no
604 2200 655 2266 pot
669 2191 716 2248 del
731 2210 783 2250 seu
797 2190 873 2248 raire
889 2191 920 2248 ni
935 2190 1051 2258 madre,

372 2269 479 2349 qu'anc
494 2275 530 2332 de
544 2274 587 2332 tal
601 2276 643 2333 ric
659 2295 725 2334 nom
740 2275 846 2354 paguei
858 2279 926 2350 jorn
942 2276 973 2332 ni
986 2294 1058 2334 mes.

371 2443 443 2502 Nim
457 2463 512 2519 pao
526 2441 635 2504 d’amor
649 2445 681 2503 ni
695 2446 732 2503 de
746 2464 800 2504 son
816 2447 1006 2524 senhoratge,

373 2548 423 2586 car
437 2548 472 2586 en
487 2531 517 2588 la
531 2530 551 2586 fi
566 2530 606 2590 fai
621 2539 681 2588 totz
697 2549 744 2590 sos
760 2531 906 2590 servidors

371 2615 481 2674 clamar
496 2615 532 2672 de
546 2633 591 2686 se,
608 2623 672 2672 tant
687 2634 719 2674 es
734 2616 770 2672 de
785 2617 845 2673 mal
858 2625 976 2693 uzatge:

370 2719 424 2777 per
439 2697 524 2776 qu’eu
538 2720 575 2758 no
591 2701 658 2758 volh
673 2719 721 2759 sos
737 2702 811 2759 mals
827 2701 857 2758 ni
873 2719 922 2758 sas
937 2701 1046 2759 dolore.

371 2805 387 2842 e
401 2785 458 2843 lais
473 2805 520 2842 me
535 2785 607 2845 deus
621 2805 689 2844 mon
704 2787 798 2844 melhs
814 2787 915 2844 trobar
928 2786 1028 2844 alhors

371 2889 417 2927 em
432 2870 469 2927 do
484 2871 525 2927 tal
538 2871 580 2944 joi
596 2888 680 2945 quem
695 2877 761 2929 torn
777 2890 813 2928 en
828 2871 991 2948 alegratge:

370 2955 439 3029 quel
450 2955 509 3030 j0is
524 2950 637 3014 d’amor
651 2953 724 3013 torn’
741 2975 776 3013 en
791 2956 898 3032 planhs
914 2966 942 3013 et
958 2975 993 3012 en
1008 2955 1100 3032 plora.

371 3121 404 3183 si
419 3131 462 3182 tot
476 3143 542 3183 nom
552 3126 639 3202 platz
653 3125 713 3184 nim
729 3126 822 3186 abelis
837 3143 948 3196 amors,

367 3208 426 3284 jois
442 3229 458 3266 e
473 3210 566 3268 solatz
581 3212 621 3267 mi
636 3211 716 3286 platz
731 3231 767 3268 en
782 3230 848 3270 mon
865 3220 982 3288 eoratge

370 3313 385 3351 e
400 3295 505 3370 plazon
520 3297 560 3354 mi
575 3305 627 3373 tug
641 3297 699 3354 cilh
715 3297 761 3354 cui
775 3297 855 3373 platz
871 3297 988 3356 honora.
