2520 4216
726 262 759 315 54

438 423 534 499 qu'om
549 441 659 501 pogues
674 441 728 498 per
741 423 816 482 vilae
831 431 950 492 eomtnr,

437 510 475 567 ab
491 509 535 567 sol
549 525 606 583 que
621 509 782 568 saubesson
796 529 872 568 arar.

437 677 498 737 Las
513 685 669 738 aventur'as
684 679 720 736 de
736 678 870 739 Galvanh

437 763 466 820 ai
481 781 517 821 eu
533 783 548 820 e
563 765 620 820 mai
636 759 765 823 d’autras
780 773 892 834 assam,

437 864 546 923 equan
561 849 606 907 sui
621 868 658 906 en
673 850 753 907 caval
768 857 894 919 armatz,

436 940 480 990 tot
494 950 571 1008 quan
588 951 693 992 consec
707 953 813 1011 pesseg
828 954 844 992 e
858 935 953 992 franh.

436 1035 489 1078 cen
504 1019 646 1076 cavaliers
662 1019 690 1076 ai
706 1027 749 1076 tot
764 1021 824 1079 sols
840 1039 906 1095 pres

436 1122 453 1160 e
467 1103 594 1162 d'autres
609 1112 676 1162 cent
690 1104 719 1161 ai
733 1111 797 1162 tout
810 1105 934 1163 Parnes:

436 1206 489 1246 cen
506 1189 627 1248 domnas
642 1189 670 1246 ai
685 1189 773 1248 saitae
788 1190 888 1266 plorat

435 1281 465 1331 et
479 1281 579 1332 autras
595 1292 647 1330 cen
662 1274 711 1332 rir’
727 1293 744 1332 e
756 1277 850 1352 jogar.

434 1443 474 1501 Al
487 1449 621 1520 uzatgem
636 1444 707 1502 tenh
722 1444 771 1501 del
786 1446 920 1515 estranh,

435 1544 492 1603 que
506 1545 585 1602 quan
601 1547 667 1585 nom
683 1547 735 1587 sen
750 1538 934 1600 aventuratz‚

435 1632 471 1672 eu
485 1612 619 1672 m'esforz
634 1620 684 1670 tan
699 1614 786 1672 devea
802 1622 862 1672 totz
876 1615 949 1684 latz,

434 1695 520 1775 qu'eu
534 1717 607 1774 pren
622 1717 639 1755 e
654 1699 793 1774 conquier
807 1719 823 1756 e
837 1701 960 1776 gazanh.

434 1803 451 1842 e
466 1784 491 1842 si
507 1801 570 1844 mos
586 1783 665 1842 afara
680 1783 866 1861 m’avengues

434 1863 544 1928 d’aisso
560 1869 596 1926 de
611 1887 695 1944 quem
712 1870 758 1928 sui
773 1877 933 1941 entremes,

434 1974 453 2012 a
467 1973 533 2012 mon
550 1954 660 2029 emperi
676 1973 723 2012 ses
740 1955 846 2030 duptar

433 2039 507 2098 feira
521 2046 565 2097 tot
579 2040 608 2097 lo
623 2059 691 2098 mon
706 2041 843 2115 soplejar.

433 2210 518 2267 Arai
533 2209 669 2283 conquist
684 2212 782 2284 sojorn
799 2229 835 2266 en
851 2210 929 2268 banh

434 2313 450 2351 e
464 2294 580 2363 Mauta,
598 2313 635 2350 on
652 2294 697 2352 sui
712 2295 860 2370 albergatz

432 2379 470 2437 ab
485 2379 513 2436 lo
529 2372 613 2436 comt’
629 2378 734 2448 Enrio,
750 2380 786 2438 de
801 2398 886 2454 quem
901 2379 997 2454 platz,

433 2480 488 2539 que
504 2482 594 2541 negus
610 2465 663 2523 bos
678 2459 743 2523 aibs
758 2464 807 2522 nol
823 2463 951 2523 sofranh.

432 2549 509 2608 lares
525 2567 557 2606 es
573 2558 602 2606 et
616 2550 709 2606 arditz
725 2569 741 2606 e
756 2557 852 2608 cortes

433 2643 462 2692 et
477 2634 570 2692 estela
584 2634 647 2692 dele
663 2634 781 2694 Genoes

432 2739 449 2776 e
463 2718 504 2776 fai
518 2739 571 2795 per
585 2727 664 2776 terra
678 2739 695 2776 e
709 2739 762 2795 per
776 2737 839 2776 mar

432 2812 492 2862 totz
507 2823 557 2863 sos
573 2805 701 2862 enemios
716 2804 864 2864 tremolar.

432 2975 477 3033 Ab
493 2974 521 3032 lo
537 2971 620 3032 comt’
636 2976 745 3032 Arman
760 2971 976 3050 m'acompanh,

432 3076 505 3134 quar
519 3078 551 3117 es
565 3059 663 3117 francs
679 3078 694 3115 e
708 3067 779 3136 gent
794 3060 968 3128 ensenhatz,

431 3151 475 3201 tot
490 3143 599 3202 enaissi
614 3163 678 3202 eum
693 3144 718 3202 si
734 3143 779 3202 fos
794 3152 862 3202 natz

431 3247 450 3285 a
464 3228 576 3286 Toloza
590 3237 657 3305 part
672 3228 848 3298 Cabestanh.

431 3313 561 3370 ardimen
577 3335 596 3371 a
610 3315 790 3391 d'Aragones

432 3417 448 3455 e
462 3398 511 3476 gai
526 3398 619 3457 solata
635 3399 671 3456 de
682 3399 791 3458 Vianes

432 3503 448 3539 e
463 3480 565 3541 sembl'
581 3502 600 3540 a
614 3484 655 3540 mi
669 3484 705 3541 de
720 3485 872 3560 domnejar

432 3568 460 3624 el
474 3567 515 3625 rei
531 3567 567 3626 de
582 3569 665 3638 Leon
680 3568 717 3626 de
732 3569 832 3634 donar.
