2552 4214
495 229 525 281 15

207 389 249 446 cui
261 392 294 462 ja
308 391 379 446 deus
394 409 431 448 no
447 389 599 448 sofranha!
709 411 711 414 ·

205 474 282 531 aitan
297 481 389 549 quant
404 493 439 531 eu
455 473 536 532 dezir
549 475 579 532 ni
594 476 676 545 volh,

205 559 246 615 sal
262 559 333 617 deus
348 559 392 617 las
407 559 528 618 domnas
544 559 579 617 de
594 559 695 630 Biolh,

205 661 275 718 quar
290 662 327 700 en
340 644 386 702 lor
400 662 431 701 es
447 652 530 720 pretz
545 663 561 701 e
575 645 671 703 valors

204 747 325 806 egaugz
341 747 357 785 o
372 729 465 786 solatz
480 736 509 786 et
523 747 634 799 amora,

203 819 278 871 totas
296 815 411 872 beutatz
427 833 442 871 e
458 823 517 872 totz
532 814 662 890 plazers,

203 905 260 955 rotz
275 899 328 956 bos
344 916 412 956 sens
428 919 444 956 e
458 905 519 957 totz
533 899 597 959 bele
612 900 729 969 sabem,

203 1002 218 1039 e
231 983 303 1041 deus
318 991 424 1058 pauzet
438 985 483 1042 las
499 1004 571 1061 prop
585 985 622 1042 de
637 1004 683 1056 se,

203 1086 274 1143 quur
288 1067 317 1126 vi
332 1087 368 1125 en
383 1068 444 1127 elas
459 1077 508 1126 tan
525 1070 561 1127 de
576 1071 621 1129 be.

200 1237 259 1295 Per
273 1231 361 1312 qu’eu
375 1256 421 1316 am
438 1239 511 1296 mais
526 1239 684 1297 montanha

201 1323 237 1380 ab
252 1341 310 1380 neu
326 1330 355 1380 et
368 1325 406 1381 ab
420 1324 538 1402 gelada,

201 1401 349 1482 qu’ampla
363 1414 441 1465 terra
455 1408 484 1465 ni
500 1409 567 1466 lada

201 1493 231 1549 ni
245 1492 353 1550 ribeira
368 1494 398 1550 ui
412 1493 531 1569 planha.

201 1595 289 1634 enon
306 1595 322 1634 ο
338 1577 385 1634 dio
398 1595 449 1654 ges
465 1597 517 1654 per
532 1579 648 1654 orgolh‚

201 1680 262 1720 mas
278 1680 351 1737 quar
366 1681 414 1719 ma
429 1663 563 1720 domnam
578 1663 729 1731 dezacolh‚

201 1747 375 1820 qu’avenhat
389 1742 461 1805 m'es
477 1766 562 1821 quem
578 1741 645 1806 n’an
660 1749 772 1818 alhors,

202 1849 217 1887 e
232 1850 289 1888 non
306 1849 353 1888 ore
367 1833 436 1907 quel
450 1832 495 1890 sia
509 1833 617 1890 honors

201 1934 262 1974 mos
277 1916 423 1973 maltraitz
438 1917 468 1974 ni
483 1935 545 1974 mos
560 1917 731 1977 dechazers:

200 2019 262 2058 mas
276 2001 316 2058 fai
331 2000 411 2058 aitan
426 2002 462 2058 de
477 2020 526 2060 sos
541 2002 651 2072 volers,

201 2104 216 2141 e
230 2093 281 2162 pot
296 2104 312 2143 0
327 2085 386 2155 far,
402 2105 458 2161 que
469 2090 503 2162 ja
517 2107 570 2164 per
583 2106 615 2144 re

199 2171 268 2228 nolh
283 2171 374 2228 volrai
390 2173 462 2241 mal,
479 2189 544 2230 cum
559 2190 645 2248 quem
660 2172 776 2231 malme.

199 2339 276 2398 Beus
292 2339 339 2397 dio
353 2359 408 2416 que
423 2361 497 2416 pauc
511 2345 642 2418 gazanha

199 2425 248 2500 qui
263 2425 375 2483 destrui
391 2445 424 2484 sa
438 2427 587 2496 mainada,

198 2528 254 2584 que
269 2519 347 2567 cortz
363 2530 421 2569 non
436 2530 467 2569 es
482 2511 626 2581 honrada,

199 2594 250 2652 des
266 2589 362 2670 qu'om
379 2615 446 2670 pros
462 2596 512 2653 noi
527 2597 675 2654 remanha.

199 2697 271 2755 quar
285 2681 324 2736 mi
339 2688 405 2756 part
419 2681 455 2738 de
470 2675 591 2749 s'amor,
607 2677 682 2737 m’en
698 2681 781 2750 dolh‚

198 2782 272 2838 quar
286 2774 335 2822 tan
351 2766 451 2822 valens
465 2784 503 2822 no
518 2783 581 2822 cres
596 2765 732 2841 despolh,

199 2866 254 2923 que
269 2844 327 2908 bel’
343 2869 374 2908 es
391 2849 476 2908 sobre
492 2849 537 2906 las
551 2868 673 2926 gensors

198 2934 264 3009 plus
279 2955 335 3011 que
350 2955 417 2992 roza
432 2928 509 2993 sobr’
525 2942 624 2992 autras
639 2936 721 3006 flors3

200 3038 215 3075 e
230 3019 267 3077 sil
282 3020 447 3096 plaguesylo
462 3039 626 3088 remanem,

200 3103 234 3160 de
250 3104 293 3162 sai
308 3104 381 3162 foral
396 3115 478 3182 gratz
494 3105 521 3162 el
536 3106 643 3164 lezers:

198 3207 261 3247 mas
276 3209 312 3246 eu
328 3190 402 3264 parli
417 3210 455 3248 no
471 3191 514 3248 sai
528 3191 564 3247 de
579 3209 648 3266 que,

199 3269 285 3349 qu'on
300 3274 374 3333 mais
388 3276 419 3332 la
433 3295 516 3351 pree,
531 3275 611 3351 peitz
627 3269 688 3334 s’en
706 3283 799 3352 eapte.

198 3443 238 3501 Et
252 3443 280 3502 ai
294 3444 351 3501 ben
366 3444 435 3522 dreg
450 3463 535 3518 quem
550 3447 673 3520 planha,

199 3529 224 3587 si
239 3529 284 3586 sui
298 3529 421 3605 perdutz
436 3549 472 3587 en
487 3530 576 3601 bada,
