2520 4216
500 282 533 334 43

212 467 261 507 sos
276 465 341 506 cors
357 445 462 523 adregz
478 461 564 520 egen
579 441 717 510 formatz,

211 528 455 592 d'ensenhamens
471 547 487 586 ο
501 529 538 586 de
552 529 685 600 heutua,

213 635 268 694 que
284 635 338 676 ano
353 615 440 674 nulhs
455 616 522 674 hom
538 631 575 671 no
591 611 618 670 vi
633 619 683 668 tan
698 629 754 688 gen

213 705 244 762 ni
258 705 296 763 ab
311 710 360 760 tau
376 701 424 760 bel
439 707 638 777 oeptenemen.

214 875 279 934 Mas
295 891 329 930 ar
342 870 412 931 m’es
428 865 539 946 esquiv’
556 887 572 926 e
585 868 649 926 fera

214 953 326 1020 tornad'
342 977 358 1014 e
373 959 409 1016 de
423 961 513 1016 brava
527 955 626 1032 guiza,

214 1065 267 1124 per
281 1063 338 1122 que
351 1044 548 1120 l’esperansas
563 1039 657 1106 brim,

214 1132 271 1190 don
286 1129 315 1188 fo
330 1148 379 1188 ma
393 1128 541 1186 voluntatz
590 1127 632 1198 ja.

215 1235 269 1299 p9s
284 1215 353 1273 nolh
368 1213 449 1290 platz
464 1212 515 1271 bes
530 1230 559 1269 m
571 1228 607 1267 en
622 1207 736 1280 mauja,

216 1302 294 1379 peitz
309 1307 372 1357 trac
387 1297 423 1355 de
437 1303 526 1366 mort,
542 1303 593 1353 tan
608 1293 657 1351 viu
671 1292 754 1349 iratz.

216 1406 250 1445 ar
264 1386 309 1444 sai
324 1405 340 1442 e
355 1400 460 1441 conone
474 1377 557 1456 qu'es
571 1385 697 1446 vertam,

216 1489 273 1548 que
287 1470 384 1528 diablo
399 1485 452 1526 son
468 1467 511 1526 sei
525 1483 630 1542 paren,

216 1552 312 1633 qu'als
327 1571 396 1615 sens
409 1553 485 1610 dona
500 1554 583 1627 pejor
596 1557 721 1607 turmen.

216 1727 390 1800 Tostemps,
407 1723 462 1782 sim
477 1723 593 1798 legues,
608 1719 755 1778 blasmera

216 1811 272 1870 leis
288 1828 343 1886 que
358 1827 415 1867 non
431 1825 463 1867 es
478 1802 573 1864 d'avol
587 1805 687 1882 guiza:

217 1897 329 1956 mainta
343 1886 486 1967 mensonj’
502 1891 530 1949 ai
547 1891 643 1950 assiza

218 2001 255 2038 en
271 1981 399 2040 blasmar
413 1978 443 2035 la
457 1979 564 2036 domna
577 1978 653 2054 gaja.

218 2086 272 2144 per
285 2061 367 2141 qu'es
383 2081 467 2122 razos
482 2058 569 2138 qu'eu
583 2056 742 2132 m'estraja.

219 2159 299 2210 mout
314 2150 353 2208 mi
369 2157 435 2226 part
449 2149 486 2206 de
501 2143 609 2207 s'amor
622 2146 747 2212 forsan,

220 2256 236 2294 e
251 2255 304 2312 pos
319 2251 423 2294 conoso
438 2251 494 2310 que
508 2239 559 2291 tan
573 2232 596 2290 li
610 2231 713 2308 platz,¹

220 2321 310 2381 sivals
325 2319 435 2399 partrai
450 2315 526 2376 m’en
542 2319 684 2376 bonamen

220 2414 250 2464 et
264 2407 320 2464 irai
334 2425 402 2464 mon
416 2405 511 2462 melhs
528 2421 684 2478 enqueren.

504 2773 554 2832 22.

659 2871 698 2936 m?

224 2985 286 3060 Per
300 3017 374 3075 pauc
389 2997 425 3054 de
440 2997 562 3054 chantar
576 3011 613 3052 no
628 3011 674 3050 me
689 2992 760 3061 lais,

224 3103 297 3160 quar
311 3084 357 3142 vei
371 3090 448 3141 mort
459 3085 545 3157 joven
563 3099 579 3138 e
592 3079 675 3137 valor

225 3188 241 3227 e
256 3175 352 3245 pretz,
369 3186 424 3243 que
439 3187 497 3225 non
512 3161 587 3226 trob'
604 3183 641 3222 on
656 3162 779 3240 s'apais‚

222 3254 398 3330 qu’usquees
413 3247 559 3329 l’empenh
574 3250 601 3309 el
616 3258 683 3328 geta
698 3265 764 3324 por3

223 3359 242 3397 e
256 3340 301 3397 vei
315 3347 366 3396 tan
381 3339 489 3398 renhar
502 3337 658 3396 malvestat

224 3424 292 3500 quel
308 3422 378 3502 segl’
393 3444 411 3482 a
426 3431 530 3482 vencut
545 3441 560 3478 e
576 3423 690 3489 sobrat‚

226 3511 251 3568 si
266 3507 424 3586 qn’apenas
438 3519 503 3585 trop
518 3509 590 3566 nulh
605 3523 677 3582 paes

225 3591 304 3671 qu'el
319 3613 373 3672 cap
388 3613 446 3652 non
462 3597 510 3669 aja
524 3611 577 3652 son
592 3593 636 3651 las
651 3608 729 3667 pres.
