2520 4216
729 230 762 284 78

328 410 391 451 mas
406 399 504 450 assata
518 400 570 469 pot
584 393 733 452 conoisser
746 413 815 452 mon
830 393 926 461 ulan,

329 472 420 552 qu’ilh
436 496 467 536 es
482 478 573 536 lares
588 474 674 552 qu'eu
689 479 717 536 el
731 498 799 537 mon
813 479 880 554 plus
896 477 1010 536 dezire.

328 582 346 620 e
359 582 413 638 per
427 555 534 622 s’amor
547 562 620 622 sofri
635 571 686 621 tan
700 581 772 640 greu
786 564 918 632 martire,

329 666 385 723 que
399 648 430 706 la
444 647 542 707 dolore
557 644 616 706 m’a
626 650 659 722 ja
673 648 722 705 del
736 657 779 706 tot
794 648 915 723 conquis

329 734 356 790 el
371 732 511 790 deziriers
528 749 614 807 quem
628 751 700 790 aura
714 741 774 792 tost
786 733 886 792 aucis:

329 825 359 876 et
373 818 420 876 a’n
434 837 506 896 gran
523 824 594 886 tort,
610 836 674 876 mas
690 837 725 875 eu
739 837 797 876 non
813 818 853 876 loi
869 837 921 877 aus
936 819 1009 877 dire.

328 989 355 1045 Ε
370 987 397 1046 si
411 1005 522 1045 merces
537 989 576 1046 ab
590 988 645 1048 leis
660 1007 706 1046 me
720 988 840 1066 valgues
855 996 921 1063 tan,

329 1072 454 1147 qu'elam
469 1072 589 1150 volgues
603 1073 633 1130 lo
648 1091 700 1131 seu
716 1074 765 1130 bel
779 1091 844 1131 cors
860 1073 1011 1143 estendre,

324 1161 357 1233 ja
371 1177 424 1233 per
439 1158 512 1215 tirar
525 1177 594 1216 nom
608 1157 683 1216 seira
697 1157 899 1216 eseoissendre

328 1243 364 1300 de
378 1251 438 1301 tost
452 1243 535 1300 venir
549 1241 710 1300 humilmen
724 1246 871 1317 mercejan

328 1345 380 1386 vas
394 1327 450 1385 leis
466 1345 521 1402 que
537 1327 594 1384 m’a
607 1335 715 1385 trastot
730 1347 765 1384 en
782 1347 836 1386 son
851 1346 967 1398 cuman,

328 1430 414 1486 quem
427 1420 479 1487 pot
493 1413 585 1470 donar
595 1414 638 1487 joi
653 1432 670 1470 o
685 1413 732 1470 del
743 1415 791 1470 'tot
805 1413 917 1481 aueire,

328 1515 384 1572 que
399 1515 457 1554 non
472 1497 501 1554 ai
514 1515 567 1574 ges
582 1498 673 1573 poder
687 1495 835 1573 qu’alhors
849 1518 896 1556 me
911 1498 971 1556 vire
979 1518 988 1567 ;

329 1601 345 1639 e
360 1582 398 1642 sil
412 1582 534 1658 plagues
549 1599 607 1657 que
621 1601 690 1659 pres
705 1582 742 1640 de
757 1582 784 1642 si
798 1578 926 1651 m'aizis‚

329 1668 395 1726 bem
410 1675 476 1724 tenc
489 1685 543 1743 per
557 1686 624 1738 seu,
640 1687 703 1727 mas
718 1669 813 1726 melhs
828 1666 937 1745 m'agra
952 1667 1088 1743 conquis,

330 1772 345 1809 e
359 1751 463 1810 feiram
477 1753 520 1810 ric
535 1770 551 1809 e
566 1752 601 1810 de
616 1772 687 1830 gran
699 1752 742 1828 joi
754 1753 877 1828 jauzire.

328 1923 367 1980 Al
380 1941 433 1997 pro
448 1939 599 1998 marques‚
617 1941 691 1998 quar
705 1931 787 1999 pretz
802 1941 818 1978 e
832 1923 915 1980 valor
928 1941 1001 2000 gran

328 2015 446 2065 manten
461 2026 477 2064 e
493 2025 547 2083 sap
560 2026 616 2085 gen
632 2008 724 2065 donar
738 2027 754 2064 e
771 2007 947 2083 despendre,

329 2111 345 2149 e
360 2111 408 2152 sos
423 2092 482 2150 rios
497 2101 578 2168 pretz
592 2092 632 2149 fai
648 2094 693 2151 los
707 2101 805 2152 autres
820 2093 1005 2162 deissendre‚

328 2196 379 2236 vas
394 2176 570 2246 Monstrat,
586 2179 780 2248 chansoneta,
796 2186 923 2236 teman:

328 2261 396 2337 quel
412 2279 464 2320 seu
478 2262 521 2318 ric
535 2261 589 2318 fait
604 2281 657 2319 son
673 2263 737 2321 dels
753 2272 851 2321 autres
867 2263 943 2320 trian

329 2365 345 2403 e
359 2365 413 2422 per
426 2346 544 2404 melhor·
553 2346 582 2404 lo
596 2356 649 2422 pot
663 2367 708 2406 om
724 2349 780 2406 ben
796 2348 898 2417 eslire,

328 2428 405 2508 qu’el
420 2449 452 2489 es
468 2432 497 2489 la
510 2431 580 2491 flors
596 2433 632 2490 de
647 2440 721 2502 totz,
736 2453 756 2490 a
770 2433 816 2490 cui
831 2452 888 2509 que
902 2432 973 2502 tire,

329 2535 345 2574 e
360 2517 396 2574 de
412 2525 471 2574 totz
486 2518 538 2576 bes
553 2535 745 2576 comensansa
759 2537 775 2575 e
790 2518 835 2576 fin.

328 2622 345 2660 e
360 2601 456 2662 s’aissi
470 2601 515 2660 fos
532 2620 596 2660 cum
612 2622 648 2660 eu
663 2603 731 2660 volh
745 2602 776 2660 ni
791 2603 887 2673 devie,

329 2705 436 2746 corona
450 2683 532 2744 d'aur
545 2688 568 2747 li
583 2683 636 2745 vir'
652 2688 678 2745 el
695 2706 749 2764 oap
764 2689 867 2746 assire.

720 2944 770 3002 43.

331 3094 399 3169 S’eu
413 3111 458 3171 fos
474 3131 510 3169 en
526 3122 587 3171 cort
602 3132 639 3172 on
654 3113 723 3170 hom
738 3121 860 3190 tengues
876 3113 1018 3182 dreitura,

328 3196 364 3254 de
379 3215 428 3254 ma
442 3197 561 3268 domna,
578 3197 649 3256 sitot
664 3193 723 3258 s'es
738 3195 804 3256 bon'
820 3218 836 3255 e
851 3198 932 3268 bela,

327 3301 374 3340 me
390 3282 532 3355 clamere,
547 3281 613 3358 qu’a
628 3291 678 3340 tan
692 3302 764 3360 gran
780 3292 839 3340 tort
853 3281 892 3340 mi
908 3301 994 3340 mena

327 3384 384 3442 que
399 3387 467 3425 nom
481 3375 549 3424 aten
564 3368 643 3444 plevi
658 3367 689 3425 ni
705 3368 868 3426 covinensa.

328 3471 345 3509 e
359 3453 449 3512 dones
463 3471 516 3528 per
530 3471 616 3528 quem
629 3461 742 3529 promet
757 3471 790 3512 so
804 3471 862 3528 que
876 3472 944 3510 nom
960 3452 1056 3510 dona?

238 3582 246 3592 .
327 3556 365 3596 no
380 3543 438 3596 tem
454 3545 556 3614 peccat
570 3537 602 3594 ni
617 3557 670 3614 sap
686 3555 742 3614 que
757 3538 814 3597 s'es
829 3538 989 3615 vergonha:
