2520 4216
522 261 554 314 77

115 429 144 488 E
160 443 218 502 pos
234 426 322 484 Milan
338 443 369 484 es
384 433 451 482 autz
467 443 484 481 e
498 424 643 493 sobeiras,

96 533 101 544 ·
116 516 177 573 ben
194 510 295 588 volgra
308 517 376 585 patz
391 509 427 567 de
443 509 489 566 lor
503 527 519 566 e
533 509 597 568 delo
612 511 708 569 Paves

115 617 134 655 e
150 615 209 674 que
225 591 330 655 s'estes
345 589 513 657 Lombardi'
529 613 565 651 en
580 594 660 654 deses

115 682 154 740 de
171 680 250 738 crois
265 679 378 739 ribautz
393 699 409 736 e
424 680 461 737 de
475 679 550 738 mals
566 697 692 738 oscarus.

116 766 297 840 Lombartz‚
311 766 475 823 membreus
491 782 556 822 cum
571 765 665 824 Polha
679 763 707 822 fo
723 765 880 840 conquiza,

115 851 154 910 de
171 851 218 910 las
232 851 353 909 domnas
369 869 385 908 e
399 849 463 908 dele
478 849 579 908 valens
594 851 695 920 baron,

115 955 187 995 cum
202 936 247 994 los
263 933 373 993 meiron
389 953 424 992 en
440 934 531 1011 poder
545 935 580 993 de
594 953 710 1012 garsos:

114 1041 134 1080 e
149 1022 189 1080 de
203 1039 255 1080 vos
269 1021 310 1078 lai
323 1019 406 1078 faran
422 1019 458 1078 de
472 1022 557 1095 pejor
569 1019 664 1097 guiza.

513 1275 565 1334 42.

119 1431 186 1505 Per
199 1444 292 1502 melhs
308 1443 396 1501 sofrir
409 1444 437 1502 lo
452 1444 582 1502 maltrait
596 1446 624 1502 el
638 1445 706 1502 asan

117 1549 209 1606 quem
223 1525 290 1586 don'
306 1547 418 1599 amors,
434 1529 490 1588 don
505 1549 541 1587 eu
556 1549 623 1588 nom
638 1549 709 1606 pose
725 1530 877 1601 defendre,

116 1615 196 1674 farai
211 1615 318 1672 chanso
334 1614 376 1672 tal
389 1610 472 1689 qu'er
484 1614 548 1673 leus
562 1633 616 1690 per
629 1616 787 1692 aprendre,

116 1700 158 1758 de
172 1707 250 1756 motz
265 1707 360 1758 cortes
375 1709 404 1757 et
418 1701 456 1758 ab
470 1699 576 1757 avinen
592 1701 675 1758 chan.

117 1804 136 1844 e
151 1783 212 1842 fatz
227 1784 334 1853 esfors,
351 1800 424 1858 quar
438 1781 498 1842 n'ai
513 1784 606 1843 corni
620 1785 701 1843 talan

117 1870 160 1928 de
173 1869 220 1926 far
233 1869 357 1939 chanso,
372 1865 493 1945 qu'ades
508 1870 599 1944 planh
615 1889 631 1926 e
647 1869 774 1945 soeph-e,

118 1973 197 2030 quar
211 1973 249 2012 no
263 1954 308 2011 vei
324 1954 393 2023 leis,
409 1955 467 2012 don
483 1972 546 2013 mos
561 1972 625 2014 cors
641 1973 678 2012 no
694 1950 812 2024 s'azire,

119 2057 198 2116 quar
210 2047 261 2097 tan
276 2034 348 2096 m’es
364 2039 433 2098 lonh
448 2040 478 2098 la
492 2035 560 2098 terr'
577 2040 604 2096 el
620 2033 691 2100 dou's
707 2040 787 2116 pais,

120 2144 161 2184 on
176 2142 208 2182 es
224 2124 288 2182 cela
302 2142 354 2182 vas
369 2125 415 2182 cui
431 2143 467 2182 eu
482 2125 527 2183 sui
542 2125 629 2183 aclis:

120 2229 176 2287 per
189 2203 268 2286 qu'ai
282 2209 387 2285 perdut
399 2209 442 2283 joi
457 2228 473 2267 e
488 2211 582 2269 solatz
597 2228 613 2267 e
627 2210 695 2268 rire.

121 2381 149 2438 A
163 2379 220 2437 leis
235 2374 369 2436 m'autrei
383 2380 420 2438 ab
434 2378 508 2437 ferm
524 2396 574 2436 cor
588 2397 636 2437 ses
651 2381 754 2454 enjzzn,

120 2481 198 2540 quar
210 2471 270 2521 totz
286 2464 330 2522 sui
346 2483 413 2524 seue
429 2465 617 2540 perdonare
632 2483 685 2539 per
699 2466 820 2534 vendre,

121 2569 140 2607 e
154 2550 223 2607 volh
238 2556 303 2624 trop
317 2549 391 2608 mais
407 2569 443 2607 en
459 2550 515 2608 bon
531 2550 747 2624 esperatendre

122 2634 179 2692 leis
195 2634 241 2692 eui
256 2634 364 2711 soplei,
380 2635 437 2692 don
449 2634 492 2710 j0i
507 2653 555 2692 me
568 2633 615 2691 vai
631 2643 747 2704 tamn,

120 2738 181 2796 que
195 2714 299 2777 d'autr’
315 2738 384 2776 aver
399 2720 447 2778 bel
461 2718 516 2776 fait
531 2738 547 2775 e
562 2719 610 2778 bel
625 2720 771 2789 semblan,

122 2799 221 2881 qu'ins
237 2823 274 2861 en
289 2823 357 2864 mon
373 2821 423 2862 eor
436 2799 495 2861 m'a
508 2803 563 2860 fait
576 2821 672 2864 amors
687 2805 795 2862 escrire

122 2907 157 2948 sa
171 2907 245 2966 gran
259 2889 372 2958 beutat,
388 2890 446 2947 don
460 2907 507 2948 res
522 2906 580 2947 non
596 2905 628 2946 es
644 2908 662 2946 a
676 2889 753 2958 dire,

123 2993 140 3032 e
154 2992 210 3033 son
224 2992 280 3050 gen
295 2991 360 3033 cors
375 2976 411 3032 be
429 2974 483 3032 fait
498 2975 585 3032 eben
600 2973 692 3044 assis,

122 3077 176 3136 per
190 3054 278 3133 qu'eu
292 3058 314 3116 li
329 3059 373 3117 sui
388 3060 456 3117 hom
471 3059 568 3117 francs
583 3057 665 3117 fizels
681 3077 696 3116 e
711 3059 762 3128 fis,

121 3163 140 3202 e
154 3163 209 3220 per
223 3138 331 3202 s'amor
344 3161 362 3200 a
377 3144 421 3203 las
436 3151 536 3204 aut-ras
552 3143 669 3202 servire.
733 3155 735 3160 '

122 3313 221 3372 Deus!
236 3331 314 3388 quan
328 3312 420 3371 veirai
434 3314 463 3372 lo
475 3317 543 3388 jorn
558 3314 586 3370 el
601 3330 662 3370 mes
677 3313 705 3370 el
721 3332 774 3382 an,
848 3305 850 3309 ’

121 3397 249 3475 qu'elam
263 3398 350 3456 volha
364 3398 412 3456 del
426 3399 485 3456 mal
498 3399 624 3476 guardo
638 3396 757 3456 rendre1

120 3481 208 3560 qu'eu
223 3501 281 3540 non
295 3481 369 3540 l'aus
385 3483 446 3553 dir,
458 3485 552 3543 melhs
567 3481 724 3555 m'auzaria
737 3484 861 3558 pendre,

123 3587 190 3628 mon
206 3577 338 3646 coratge,
353 3576 443 3644 quant
458 3587 493 3625 eu
507 3569 529 3626 li
544 3569 593 3627 sui.
605 3568 709 3627 donau.
