2552 4214
569 293 585 345 7

324 455 388 516 Mes
402 456 431 512 ai
444 456 590 530 lonjmen

324 559 391 598 mon
407 558 457 598 eor
471 559 487 598 e
501 559 568 598 mon
584 557 636 598 sen

325 644 360 683 en
376 625 421 682 far
435 645 489 684 son
504 625 582 682 talen

324 711 391 787 plus
406 707 491 785 qu'en
507 710 581 768 ohan
596 706 717 768 d’auzel.

324 814 377 872 per
389 795 445 856 leis
460 815 507 854 am
518 798 605 870 joven

324 888 399 938 etot
412 898 489 955 quan
506 877 576 938 m’es
591 880 652 938 bel:

324 962 475 1040 qu’aissim
488 965 620 1034 renovel,

323 1051 369 1108 col
383 1049 471 1108 fruita
485 1049 513 1106 el
527 1049 628 1108 ramel.

324 1153 400 1210 quan
415 1153 487 1211 pose
501 1154 533 1192 re
545 1134 592 1192 far
604 1153 658 1210 per
672 1130 790 1202 s’amor‚

324 1239 361 1278 eu
375 1239 432 1280 non
447 1220 528 1276 dezir
541 1227 625 1276 zutra
639 1219 708 1289 flor,

324 1323 386 1364 mas
402 1302 468 1380 qu’a
481 1304 537 1362 leis
553 1304 654 1380 plassa
667 1322 720 1379 per
734 1303 805 1373 deu,

323 1387 487 1466 qu’ensems
502 1389 576 1448 siam
590 1388 633 1446 ilh
647 1396 677 1445 et
691 1407 736 1446 eu.

325 1557 407 1633 Quat
421 1577 470 1618 sos
484 1559 568 1617 homs
583 1557 629 1616 sui
644 1576 693 1627 eu,

324 1644 374 1703 nol
388 1645 444 1702 deu
459 1662 540 1702 esser
553 1662 638 1720 grou,

324 1729 600 1796 dfflmssm‚

324 1832 380 1889 que
394 1822 475 1872 mout
488 1814 637 1889 lonjamen

323 1899 352 1956 ai
367 1907 444 1957 estat
457 1918 511 1974 per
524 1899 581 1956 deu

324 1983 372 2042 del
387 1984 474 2042 total
489 2000 542 2041 seu
556 2001 617 2042 sen.

207 2073 213 2084 ‘
324 2069 383 2128 esi
397 2087 450 2144 per
463 2068 541 2126 talen

324 2161 389 2230 pert
403 2160 447 2211 tot
460 2172 528 2211 mon
539 2155 641 2228 joven,

323 2256 398 2316 pauc
413 2238 453 2296 mi
467 2238 566 2296 valran
582 2238 656 2295 ohan
671 2235 792 2295 d’auzel.

323 2341 387 2382 mas
402 2321 446 2381 s’a
458 2341 506 2380 ma
520 2323 626 2381 domna
639 2322 684 2380 fos
699 2322 760 2392 bel,

324 2418 408 2467 tener
420 2427 467 2466 me
482 2404 600 2484 pogr’en
615 2407 721 2465 verdor

324 2513 389 2553 eum
405 2512 458 2552 son
473 2493 544 2567 lejal
558 2493 686 2550 amador.

325 2660 409 2722 Sobr'
423 2658 496 2720 autr’
512 2661 632 2719 amador

324 2744 431 2805 m’anet
444 2750 481 2806 be
496 2742 618 2815 d’amor,

324 2851 401 2908 quan
417 2829 543 2890 l’emblei
558 2830 588 2886 la
601 2830 668 2899 flor,

324 2916 429 2994 qu'ane
443 2916 509 2992 plus
525 2935 581 2972 non
597 2915 642 2974 aio
657 2932 707 2972 eu:

325 3020 387 3060 som
402 3010 452 3059 ten
468 3020 504 3059 en
518 3000 636 3071 verdor,

325 3104 402 3162 quan
416 3092 460 3143 tot
473 3083 539 3144 l’als
554 3083 625 3144 m'es
639 3103 719 3163 grou.

325 3191 341 3230 e
357 3168 512 3248 s’albergal
527 3189 579 3229 seu

324 3275 378 3332 per
391 3275 473 3314 amor
486 3256 522 3313 de
535 3256 605 3325 deu,

326 3349 408 3399 tener
422 3359 467 3399 me
482 3350 533 3416 pot
546 3341 693 3416 lonjamen

325 3444 361 3484 en
377 3425 458 3484 valor
472 3435 502 3483 et
515 3445 551 3483 en
563 3429 665 3500 juven,
717 3459 719 3464 ·

324 3511 374 3588 gai
389 3529 404 3568 e
419 3518 513 3568 cortes
528 3529 544 3568 e
559 3512 657 3581 novel,

326 3613 390 3654 cum
404 3596 471 3653 bela
484 3596 538 3654 flor
552 3613 588 3653 en
603 3597 703 3655 ramel.
