2520 4216
704 225 738 278 50

620 297 823 308 ...η-

416 392 458 448 Ar
473 391 566 465 vejatz
581 387 629 446 del
645 388 725 464 segle
740 387 825 462 quals
841 403 888 455 es,

416 493 472 550 que
487 474 549 550 quil
565 491 614 531 sec
628 474 695 549 plus
710 473 739 531 al
754 473 833 548 peitz
848 468 1008 548 s‘empren3

416 579 485 636 pero
501 559 549 617 noi
564 577 583 616 a
597 576 660 616 mas
675 576 714 614 un
729 558 786 615 bon
802 575 869 615 sen:

416 641 513 720 qu‘om
527 643 584 702 lais
599 644 644 702 los
659 643 734 700 mals
750 661 766 699 e
781 641 918 718 prendals
933 642 995 700 bes.

417 748 473 804 que
488 747 541 806 pos
556 729 586 786 la
600 740 692 786 mortz
707 728 754 785 vol
769 727 906 798 assalhiae,

416 833 507 892 negus
522 813 572 871 noi
587 822 640 889 pot
653 813 683 870 ni
700 830 753 889 sap
768 812 880 890 gaudit,

417 918 473 974 que
487 917 541 975 pos
557 899 614 955 tuit
627 917 752 956 mortem
767 905 900 974 atrazag,

417 985 473 1042 ben
489 1002 521 1042 es
535 982 592 1042 fols
608 983 657 1057 qui
672 983 721 1040 viu
736 983 794 1040 mal
810 1002 826 1039 e
840 982 897 1060 lag.

419 1154 477 1212 Tot
492 1154 520 1212 lo
536 1153 616 1230 segle
631 1152 676 1210 vei
692 1153 845 1228 sobrepres

419 1236 543 1316 d’engan
558 1257 574 1294 e
589 1238 625 1295 de
639 1237 801 1314 galiamen:

420 1344 436 1382 e
451 1342 502 1382 son
516 1325 549 1397 ja
562 1330 614 1381 tan
629 1322 651 1379 li
665 1340 844 1391 meserezen,

420 1406 578 1484 qu’apenas
592 1407 685 1464 renha
699 1407 791 1464 dreitz
806 1407 837 1464 ni
850 1407 904 1465 fes.

419 1512 476 1570 que
491 1493 613 1550 chascus
628 1493 726 1567 ponha
741 1511 776 1549 en
792 1492 865 1549 trair

421 1597 474 1638 son
490 1578 565 1634 amic
579 1597 632 1653 per
646 1577 673 1634 si
688 1577 838 1651 enrequir:

420 1663 523 1739 perolh
538 1663 654 1719 trachor
668 1680 721 1720 son
737 1663 809 1722 ainsi
823 1671 902 1739 trag,

421 1768 486 1805 cum
502 1748 545 1806 cel
560 1747 610 1822 qui
625 1747 680 1804 beu
695 1747 803 1806 toissec
817 1749 854 1805 ab
869 1748 926 1825 lag.

423 1915 545 1975 catalan
562 1924 592 1974 et
606 1918 756 1993 Aragones

422 2022 459 2060 an
475 2002 582 2060 senhor
596 2002 702 2058 honrat
715 2020 731 2057 e
747 2001 832 2059 valen

423 2107 439 2144 e
452 2087 535 2145 franc
550 2106 566 2143 e
580 2087 642 2144 lare
657 2105 673 2143 e
689 2085 858 2156 οοιιοίεεθιι,

422 2171 515 2230 humil
529 2179 559 2228 et
572 2171 650 2228 ardit
664 2190 680 2227 e
695 2181 801 2228 cortes.

422 2275 488 2314 mas
501 2263 566 2333 trop
580 2256 672 2314 laissa
687 2256 869 2314 eumanentir

424 2359 472 2400 sos
488 2359 550 2400 sers
566 2341 611 2398 cui
626 2340 697 2399 deus
713 2341 778 2400 bais
794 2348 823 2398 et
837 2340 906 2409 azir,

423 2426 491 2502 qu’a
505 2433 564 2484 totz
576 2427 659 2499 jorns
674 2423 757 2484 esta'n
773 2445 810 2483 en
825 2445 915 2504 agag,

423 2510 535 2587 persar
549 2529 585 2568 en
601 2518 663 2568 cort
677 2510 735 2570 dan
750 2517 780 2568 et
794 2529 906 2588 empag.

423 2681 494 2739 Reis
508 2681 606 2740 aunitz
621 2680 669 2738 val
683 2679 776 2739 meins
790 2699 846 2756 que
860 2699 965 2758 pages‚

423 2785 501 2841 quan
515 2766 563 2823 viu
578 2785 596 2823 a
609 2766 649 2823 lei
665 2766 701 2823 de
715 2783 850 2824 recrezen

424 2851 564 2927 eplorals
580 2851 631 2909 bes
646 2847 777 2926 qu'autre
791 2852 902 2927 despen

424 2955 440 2992 e
455 2944 520 3012 pert
534 2954 566 2993 so
581 2935 649 3010 quel
663 2931 737 3011 pair'
753 2954 771 2992 a
786 2953 923 3010 conques.

423 3020 510 3078 aitals
526 3020 583 3078 reis
598 3015 662 3078 fari'
679 3020 717 3078 ad
730 3019 812 3078 auoir

424 3112 453 3162 et
468 3123 503 3162 en
518 3105 567 3182 lag
581 3105 627 3162 loc
642 3125 660 3162 a
675 3106 792 3175 sebelir‚

424 3189 488 3264 quis
503 3189 587 3247 desen
603 3191 673 3248 alei
688 3190 724 3248 de
739 3198 860 3267 eontrag

425 3293 440 3332 e
455 3294 492 3331 no
507 3295 580 3351 pren
594 3276 626 3332 ni
640 3275 716 3334 dona
736 3293 849 3353 gamag.

423 3443 557 3502 Domnas
572 3444 672 3503 velhas
687 3463 746 3502 non
761 3464 808 3502 am
824 3463 860 3502 eu
873 3462 940 3522 ges,

423 3547 500 3603 quan
515 3527 599 3585 vivon
615 3529 854 3587 descauzidamen
