2554 4196
517 251 564 304 135

165 411 243 470 Totz
257 418 353 488 temps
366 412 448 470 aurai
463 431 513 472 vas
530 414 569 471 mi
582 414 656 474 dono
671 415 729 474 bon
743 415 823 476 tala'n

166 515 183 554 e
197 496 322 556 finamen
338 497 414 556 sarai
429 515 496 557 seue
512 499 558 556 cui
573 519 629 575 que
643 519 711 576 pes;

164 581 244 641 aisse
258 601 326 642 nom
340 591 392 658 pot
405 583 479 642 tolre
494 602 608 661 neguna
622 604 678 644 res.

165 683 254 725 soven
268 676 364 726 recort
378 685 428 726 sos
442 668 528 727 fatze
543 688 578 728 sa
592 671 758 730 semblansa

164 768 229 810 com
243 752 285 811 ilh
299 770 331 811 es
346 749 401 810 bel’
417 773 433 810 e
448 773 517 830 pros
532 763 562 811 et
575 755 711 812 avinens:

164 834 201 894 de
216 845 260 896 tot
274 857 342 896 mon
353 856 405 897 sen
421 839 467 898 sui
482 859 518 898 on
535 840 590 898 leis
605 840 766 900 entendens

162 913 250 997 qu'eu
266 941 324 980 non
339 923 368 980 ai
383 923 456 983 mais
471 943 507 982 en
523 943 617 1002 flegun
630 925 673 998 joi
688 925 792 984 fiansa.

516 1089 552 1154 V.

162 1241 245 1318 Quor
259 1245 354 1320 qu’om
370 1248 467 1306 trobes
482 1246 631 1306 Florentio
645 1247 796 1326 orgulhos,

161 1347 193 1386 er
208 1330 252 1388 los
267 1328 340 1390 trob'
357 1350 402 1389 om
418 1340 512 1390 cortes
525 1341 554 1389 et
568 1333 703 1402 minens,

160 1413 196 1470 de
211 1433 268 1492 gen
281 1416 380 1490 parlar
394 1435 410 1473 e
425 1417 461 1476 de
475 1417 595 1493 plazens
611 1436 729 1493 respos:

161 1499 217 1556 ben
233 1501 293 1575 aJal
307 1519 374 1576 reys
389 1502 511 1571 Matfre,
527 1503 595 1577 quel
609 1503 766 1562 noirimens

159 1583 205 1642 lor
219 1604 237 1641 a
250 1585 304 1644 fait
318 1587 371 1644 dar
386 1596 415 1644 et
429 1605 498 1646 aver
512 1587 560 1645 dol
576 1607 592 1644 e
606 1588 711 1657 lauba,
1013 1608 1025 1646 ⁵

159 1671 228 1744 quel
243 1687 297 1746 cap
312 1690 347 1728 en
364 1690 416 1730 son
432 1691 526 1732 remas
542 1673 636 1730 mains
651 1692 686 1729 en
702 1673 852 1749 despuelh.

159 1754 203 1811 ai!
218 1754 381 1825 Florentis,
398 1766 490 1816 mortz
505 1764 551 1814 etz
566 1777 619 1833 per
634 1766 713 1840 vostr
727 1753 871 1835 'ergnelh,

134 1901 140 1920 ι
159 1833 324 1916 qu'erguels
340 1860 441 1900 nones
457 1841 481 1901 si
497 1861 554 1900 non
566 1844 638 1901 obra
651 1837 800 1901 d'aranha.

158 2005 212 2066 0i1
228 2009 271 2066 rei
286 2009 406 2080 Matfre,
422 2029 471 2068 vos
488 2029 519 2068 es
535 2020 584 2069 tan
599 2009 737 2087 podem,

158 2087 257 2168 qu’ieu
272 2103 338 2154 tenc
352 2114 405 2171 per
418 2095 459 2154 fol
475 2097 538 2154 selh
554 2090 776 2172 qu’abvospren
788 2104 920 2174 contens,
998 2119 1023 2160 ιο

158 2177 253 2254 qu’ieu
269 2199 324 2256 vey
338 2199 394 2255 que
409 2181 453 2238 sol
470 2201 507 2238 un
522 2181 585 2238 dele
601 2188 714 2240 vostros
728 2182 814 2241 baron

156 2264 201 2322 als
216 2263 363 2322 Florentia
379 2265 520 2323 destruitz
536 2267 579 2324 els
594 2264 635 2323 fai
649 2267 766 2336 dolens,

157 2348 182 2407 si
199 2347 295 2422 qu’ieu
310 2369 367 2406 non
383 2369 430 2407 ore
442 2351 527 2426 qu'en
543 2352 613 2426 plan
628 2353 659 2408 ni
674 2371 710 2408 en
725 2353 885 2411 montanha

156 2434 254 2491 trobee
269 2434 412 2493 hueimais
427 2435 512 2510 quius
525 2436 569 2493 sia
583 2435 620 2492 de
635 2437 692 2493 mal
705 2437 822 2506 acuelh,

155 2517 186 2575 ni
199 2537 237 2576 no
252 2518 373 2577 conaelh
387 2539 406 2576 a
421 2520 480 2577 cels
497 2520 544 2578 del
561 2519 758 2596 Caupiduelh,
995 2557 1019 2596 1⁵

156 2599 356 2677 qu’encontral
370 2623 421 2680 ray
435 2623 544 2681 passon
558 2613 619 2663 tost
633 2625 669 2663 en
685 2602 863 2682 Campanha.

503 2769 554 2833 Vl.

155 2943 205 3002 Ma
216 2945 364 3003 voluntatz
378 2964 425 3003 me
440 2964 506 3003 mou
520 2945 632 3022 guerr‘e
647 2945 776 3016 trebalh,

154 3047 228 3104 quar
242 3049 290 3087 ma
305 3029 411 3108 lengua
425 3049 461 3087 no
477 3029 564 3088 retrai
580 3031 609 3087 la
623 3030 733 3088 salsura

153 3113 217 3171 dels
232 3114 289 3172 fals
305 3115 436 3194 clergues
451 3135 503 3192 per
518 3116 566 3190 qui
582 3117 722 3192 maynhta
735 3135 807 3194 gens
823 3116 893 3175 falb.

154 3215 227 3272 quar
241 3207 323 3256 entre
338 3200 383 3257 lor
396 3219 460 3258 mor
474 3218 583 3258 merces
599 3221 615 3258 e
630 3201 772 3260 drechura

154 3302 171 3340 e
186 3283 328 3344 cobeitatz
343 3293 373 3342 et
388 3286 522 3363 erguelhs
537 3279 573 3343 s’i
588 3293 687 3356 atura5

120 3461 151 3502 ³⁸.
164 3474 215 3503 non.

119 3528 145 3570 V.
162 3529 183 3570 0.
195 3532 228 3573 45.
295 3533 326 3574 15.
338 3543 351 3571 a
364 3532 408 3572 cels
416 3533 473 3582 fehlt
483 3533 508 3572 in
521 3533 560 3573 der
572 3533 608 3583 m„
621 3544 662 3574 von
675 3534 810 3584 namara
823 3530 916 3585 eruam.

118 3597 157 3640 Vl
187 3598 208 3638 0.
221 3599 253 3642 44.
