2520 4216
391 659 494 743 Amor,
509 690 578 750 pres
593 671 639 731 sui
654 673 690 730 de
704 673 734 730 la
748 673 818 732 bera
823 717 832 743 ‚

392 777 465 836 quar
478 759 551 816 m’es
566 766 616 816 tan
631 759 667 816 de
682 759 761 816 mala
774 758 875 836 guiza,
909 775 918 785 ·

391 837 479 920 qu'eu
494 843 576 923 augei
590 844 729 902 m’acsetz
743 844 886 919 conquiza

391 931 423 988 la
436 948 543 1008 gensor
557 948 574 986 e
588 930 618 987 la
632 929 698 1006 plus
712 931 780 1007 gaja

392 1015 439 1072 del
454 1035 540 1086 mon,
561 1033 624 1072 mas
639 1033 713 1073 nous
728 1015 808 1091 platz
823 1014 908 1090 qu'eu
923 1008 1005 1090 l’aja.

391 1119 445 1177 per
459 1099 545 1177 qu’eu
558 1099 665 1158 morrai
678 1100 883 1175 dezesperatz‚

392 1204 483 1255 amor,
499 1193 529 1242 et
543 1204 575 1242 er
589 1191 664 1242 tortz
680 1204 696 1242 e
709 1192 830 1261 peceatz
835 1228 844 1256 ‚

394 1270 419 1328 si
434 1271 567 1346 d’aquest
580 1278 677 1328 vostre
692 1270 834 1328 benvolen

393 1374 452 1412 non
467 1361 550 1414 avetz
565 1355 669 1430 calque
683 1356 862 1414 chauzimen.

392 1527 446 1596 Ja,
464 1525 526 1584 s’eu
541 1542 663 1602 saupes,
679 1545 736 1584 non
751 1545 864 1600 amera,

392 1629 450 1687 que
463 1605 541 1668 m'en
555 1629 659 1686 prezes
674 1607 776 1669 d'aital
791 1611 891 1688 guiza,

392 1690 475 1772 qu'er
489 1715 508 1754 a
520 1715 570 1754 ma
583 1697 716 1755 voluntat
730 1695 812 1772 priza

392 1781 451 1839 cilh
465 1777 548 1857 qu'es
564 1775 710 1860 orgolhoz'
727 1801 743 1838 e
757 1783 826 1858 gaja

392 1885 444 1926 vas
459 1867 514 1937 mi,
530 1887 546 1925 e
561 1867 598 1924 de
613 1867 672 1926 mal
686 1862 774 1943 qu'en
788 1869 865 1942 traja

392 1951 461 2010 nolh
477 1953 536 2023 cal,
553 1970 606 2010 ans
622 1950 679 2010 m'a
693 1970 755 2011 mes
771 1971 808 2010 en
823 1952 866 2009 tal
880 1952 955 2022 latz,

392 2055 448 2112 que
460 2037 520 2112 jois
534 2037 566 2094 ni
581 2037 701 2113 deportz
715 2038 745 2094 ni
761 2035 855 2094 solata

391 2119 505 2180 d'autra
518 2141 586 2181 nom
600 2117 668 2181 don'
683 2121 886 2191 esbaudimem

391 2207 422 2264 ni
437 2207 475 2265 de
488 2206 544 2266 leis
558 2206 630 2265 nulh
642 2207 686 2282 joi
700 2225 759 2266 non
773 2214 853 2267 aten.

391 2377 451 2435 Per
464 2371 552 2451 qu'eu
566 2395 584 2434 a
598 2396 666 2435 mon
681 2384 748 2456 grat
766 2373 917 2448 m’estera,

390 2461 420 2520 fe
435 2479 527 2537 queue
541 2463 603 2533 dei,
619 2481 672 2522 ann
688 2464 724 2521 de
738 2482 787 2521 ma
799 2463 899 2541 guiza,

391 2541 553 2624 qu'enquer
567 2567 606 2606 no
620 2544 715 2626 l'agra
729 2548 867 2624 enquiza3

392 2653 408 2691 e
422 2653 492 2711 pero
507 2651 567 2692 non
582 2651 614 2692 es
628 2639 679 2690 tan
694 2635 776 2711 gaja,

391 2716 476 2794 qu’eu
491 2719 527 2776 de
541 2720 596 2777 leis
612 2719 671 2776 mal
685 2737 744 2776 non
758 2720 883 2795 retraja,

391 2823 408 2861 e
423 2804 470 2862 dir
482 2799 542 2862 n'ai
557 2804 653 2862 enoitz
669 2823 685 2860 e
699 2804 816 2873 viltam,

391 2887 462 2946 sitot
477 2884 536 2948 s'es
550 2885 693 2963 mensonj'
709 2907 725 2946 e
739 2888 870 2959 foudatz,

391 2989 465 3048 quar
480 2992 544 3033 cors
559 2969 643 3051 qu'es
657 2974 723 3050 ples
737 2971 913 3032 d’aziramen

390 3056 430 3115 fai
445 3059 502 3117 ben
517 3058 606 3117 falhir
620 3059 693 3117 boca
707 3077 805 3118 seven.

391 3223 488 3301 Qu'eu
502 3229 529 3286 vi
542 3231 575 3303 ja
588 3227 661 3287 l’ora
675 3224 769 3304 qu'ilh
783 3247 834 3286 era

390 3312 492 3370 franca
506 3333 523 3370 e
538 3314 574 3372 de
588 3315 666 3372 bona
679 3315 766 3391 guiza

391 3417 407 3454 e
422 3416 456 3456 ea
470 3399 542 3455 boca
556 3407 626 3476 gent
640 3399 741 3476 apriza

390 3502 428 3541 en
442 3484 541 3559 parlar
553 3485 676 3560 paraula
690 3486 773 3561 gaja,

390 3587 441 3628 vas
456 3569 513 3626 bon
527 3576 609 3643 pretz
624 3565 674 3626 fin'
690 3588 706 3626 e
721 3571 834 3643 veraja,
