2520 4216
488 251 521 302 49

404 321 606 332 ..ιι-ιι*-

200 429 286 486 quem
300 427 427 486 vengues
442 409 478 468 de
494 429 543 469 vos
557 411 701 487 qualeque
715 413 783 481 bes,

200 513 256 570 que
270 513 330 553 non
345 495 372 550 ai
387 495 479 570 poder
492 490 587 571 qu'als
601 496 691 554 dezir.

201 581 256 638 sim
271 580 410 638 destrenh
425 588 523 639 vostra
538 599 627 658 grans
644 583 775 652 beutatz,

200 662 380 742 qu'envazitz
395 659 480 724 m'als
496 665 560 723 olhs
575 685 591 722 e
605 673 739 742 passaw,

201 751 225 809 si
241 748 315 825 qu'el
331 757 390 806 test
404 747 462 808 n'ai
476 750 507 808 la
521 750 701 826 resplandor‚

200 853 284 911 quem
299 835 385 893 tollo
400 853 452 894 sen
468 854 483 892 e
498 835 528 894 la
542 836 631 913 vigor.

201 1003 313 1064 Senher
327 1021 405 1064 coms
420 1004 457 1062 de
471 1004 605 1073 Peneus,
622 1005 687 1064 bem
702 1007 795 1082 platz,

200 1107 294 1148 cares
310 1108 345 1146 en
361 1085 488 1148 l'aussor
501 1098 565 1167 grat
580 1098 722 1162 montatz,

200 1193 256 1250 que
270 1193 327 1252 gen
345 1193 394 1232 vos
410 1173 455 1232 vei
471 1176 575 1233 cobrar
588 1173 681 1233 l'onor

200 1277 255 1335 que
270 1259 411 1336 perderon
427 1257 513 1318 vostr'
528 1277 673 1320 ancessor.

200 1427 276 1488 Sitot
291 1425 348 1488 s'es
363 1430 438 1486 mals
454 1447 516 1488 mos
533 1427 680 1504 Castiatz‚

200 1515 297 1573 dolore
312 1511 387 1572 m’en
402 1533 474 1590 pren
492 1534 509 1571 e
523 1514 646 1590 pietatz‚

199 1618 271 1676 quar
286 1617 317 1658 es
332 1599 414 1657 velhs
430 1618 446 1656 e
460 1618 532 1674 pren
548 1600 692 1657 deshonor

199 1703 244 1741 em
259 1683 302 1741 tol
316 1703 355 1742 na
365 1682 470 1761 vieni,
482 1703 497 1742 e
512 1681 628 1742 s’amor.

478 1990 527 2048 25.

197 2180 294 2253 Baros
309 2194 416 2264 Jezus,
432 2191 517 2270 qu’en
533 2201 610 2252 crotz
625 2193 654 2252 fo
670 2212 746 2264 mes,

198 2297 250 2355 per
265 2278 364 2336 salvar
377 2279 523 2337 crestiana
536 2298 606 2356 gen,

198 2382 252 2421 nos
268 2365 374 2420 manda
388 2371 448 2421 totz
465 2365 678 2432 eomunalmen‚

198 2448 332 2523 qu'anem
347 2449 450 2506 cobrar
463 2448 491 2506 lo
507 2449 584 2506 saint
598 2467 684 2524 paeS,

198 2553 236 2591 on
251 2551 322 2590 vene
336 2552 389 2609 per
402 2529 491 2592 nostr‘
507 2551 588 2590 amor
602 2534 700 2590 morir.

199 2638 215 2675 e
230 2619 256 2676 si
271 2619 322 2675 nol
336 2618 430 2674 volem
444 2617 551 2686 obezir,

198 2703 239 2760 lai
254 2723 291 2760 on
307 2701 421 2758 feniran
435 2702 493 2758 tuit
507 2701 527 2758 li
544 2701 628 2778 plag,

199 2786 355 2845 n’auzirem
370 2785 463 2844 maint
477 2786 580 2860 esquiu
594 2794 699 2861 retrag.

200 2956 277 3032 Quel
292 2957 370 3016 saint
383 2956 501 3033 paradis
516 2973 608 3030 quens
622 2972 754 3031 promes,

198 3063 236 3101 on
253 3062 309 3101 non
324 3061 342 3099 a
357 3061 433 3118 pena
447 3042 478 3098 ni
492 3049 619 3110 tormen,

199 3128 245 3185 vol
260 3147 311 3184 ara
326 3128 418 3184 liurar
431 3125 597 3186 francamen

199 3231 217 3269 a
233 3213 292 3270 cels
307 3209 420 3286 qu'iran
435 3214 473 3272 ab
487 3213 517 3270 lo
531 3228 666 3285 marques

200 3305 283 3355 outra
295 3298 328 3355 la
341 3316 405 3355 mar
418 3317 471 3373 per
485 3298 542 3355 deu
556 3295 657 3355 servir.

201 3401 216 3440 e
231 3383 291 3440 cels
307 3401 363 3458 que
378 3383 427 3440 nol
441 3383 542 3440 volran
557 3381 664 3458 seguir‚

199 3467 248 3526 noi
262 3487 333 3524 aura
347 3485 442 3544 negun
457 3468 530 3524 brun
546 3467 577 3524 ni
591 3467 655 3543 bag,

200 3570 255 3628 que
271 3571 328 3611 non
343 3551 422 3628 ponc’
438 3570 506 3609 aver
518 3571 589 3630 gran
605 3551 715 3630 esglag.

792 3645 809 3694 4
