2520 4216
748 289 782 343 84

411 455 469 512 ben
481 455 531 528 aja
545 451 589 510 nel
602 469 690 528 quem
704 451 807 522 noirit,

410 557 427 597 e
440 537 512 598 deus
517 581 527 610 ,
542 554 616 614 quar
630 555 668 594 eu
681 537 725 595 sui
741 537 842 606 astula,

409 640 467 700 que
480 623 533 682 mil
547 623 642 682 salutz
656 621 697 679 mi
711 641 805 681 venon
819 638 926 681 cascun
940 619 990 678 dia

409 709 447 767 de
462 705 625 767 Catalonha
639 725 655 764 e
668 707 705 764 de
718 705 910 778 Lombardia,

409 811 483 869 quar
495 812 515 852 a
527 800 588 851 totz
599 795 683 866 jorns
697 793 766 868 poja
779 810 843 850 mos
857 801 940 868 pretz
954 810 971 848 e
986 790 1078 862 creis,

410 896 483 956 quar
496 897 550 954 per
563 896 603 935 un
617 894 693 954 pauo
706 895 744 934 no
759 895 823 934 mor
836 875 981 951 d’envejal
995 877 1072 947 reis,

409 981 484 1039 quar
497 963 535 1022 ab
548 963 670 1022 domnas
684 961 750 1019 fauo
765 979 833 1019 mon
846 969 912 1038 trop
927 979 944 1018 e
957 979 1026 1019 mon
1039 963 1101 1036 J'oc.

409 1131 472 1192 Ben
488 1150 520 1190 es
534 1139 620 1209 proat
634 1139 664 1188 et
678 1131 756 1188 auzit

410 1235 476 1275 cum
490 1235 526 1274 eu
540 1217 586 1276 eui
599 1235 668 1293 pros
684 1235 700 1273 e
715 1216 830 1287 cabals,

410 1321 426 1360 e
440 1321 494 1379 pos
509 1302 581 1360 deus
595 1301 653 1360 m'a
668 1300 809 1377 enn‘quit,

409 1404 463 1445 nos
478 1387 551 1444 tanh
565 1385 652 1460 qu'eu
666 1385 712 1444 sia
725 1386 836 1445 venals.

410 1489 463 1529 oen
477 1471 599 1530 domnas
614 1471 659 1529 sai
673 1487 729 1546 que
744 1488 899 1530 cascanum
913 1470 1005 1529 volria

409 1563 492 1614 tener
506 1557 544 1614 ab
559 1572 605 1626 se,
621 1555 648 1614 si
662 1574 732 1614 aver
745 1574 792 1613 me
806 1555 907 1632 podia:

409 1657 473 1700 mas
488 1659 524 1699 eu
539 1641 585 1700 sui
600 1639 644 1698 oel
659 1639 763 1716 qu'anc
777 1659 846 1699 nom
858 1641 945 1718 gabei
960 1642 1020 1699 nim
1035 1640 1093 1700 seis

409 1724 440 1784 ni
454 1726 552 1804 volgui
566 1734 631 1802 trop
645 1725 745 1802 parlar
758 1725 794 1783 de
808 1725 849 1782 mi
863 1727 988 1801 mezeis,

409 1830 473 1871 mas
487 1812 609 1870 domnas
622 1811 687 1870 bais
702 1829 718 1868 e
733 1810 874 1869 cavaliers
889 1811 1001 1870 desroc.

409 1982 505 2040 Maint
518 1983 577 2040 bon
590 1980 684 2040 tornei
699 1980 727 2038 ai
741 1980 832 2057 partit

394 2067 475 2143 ¹pels
490 2066 571 2143 colps
585 2066 671 2142 qu’eu
684 2065 738 2124 fier
753 2073 802 2123 tan
818 2065 955 2142 mortale,

410 2151 496 2226 qu’en
510 2151 557 2209 loc
571 2169 609 2209 no
625 2169 680 2209 vau
694 2151 790 2226 qu'om
804 2169 842 2208 no
858 2151 926 2208 crit:

410 2253 443 2294 so
458 2253 490 2294 es
505 2253 542 2292 en
555 2236 642 2295 Peire
652 2235 771 2305 Vidals,

410 2319 455 2378 cel
469 2319 520 2395 qui
534 2328 632 2378 munte
651 2320 767 2378 domnei
782 2337 798 2376 e
812 2320 949 2378 drudariu

411 2423 428 2462 e
441 2403 471 2462 fa
485 2421 542 2480 que
554 2424 625 2481 pros
639 2424 693 2482 per
706 2423 788 2463 amor
802 2405 838 2463 de
853 2405 956 2464 s’amia

410 2497 441 2547 et
453 2508 520 2548 ama
534 2491 608 2550 mais
622 2490 757 2550 batalhas
769 2509 786 2547 e
800 2490 910 2548 tornois

410 2591 466 2652 que
481 2594 601 2653 monges
616 2583 699 2652 patz,
715 2594 732 2632 e
746 2575 869 2633 semblal
883 2575 1023 2634 malaveis

409 2668 475 2738 trop
490 2663 623 2735 s0j0rnar
637 2668 667 2718 et
681 2666 760 2719 estat
774 2679 809 2717 en
824 2679 863 2717 un
878 2659 933 2718 loo.

409 2830 482 2889 Plus
497 2849 554 2906 que
567 2848 606 2888 no
620 2838 673 2906 pot
686 2848 733 2890 ses
748 2829 815 2908 aiga
827 2830 920 2888 viurel
934 2829 1013 2907 peiS,

410 2933 448 2972 no
462 2924 515 2991 pot
528 2933 610 2974 esser
624 2931 672 2974 ses
686 2915 868 2993 lauzengiers
883 2915 1033 2986 domneis,

409 3017 462 3074 per
475 2997 658 3075 qu’amadors
674 3017 812 3076 compron
827 3009 892 3076 trop
907 3017 956 3058 ear
969 3000 1016 3058 lor
1027 3001 1087 3074 joe.

740 3305 790 3364 46.

409 3491 476 3565 Ben
489 3509 538 3582 aja
551 3527 600 3578 eu,
616 3526 690 3585 quar
703 3508 748 3566 sai
763 3508 858 3568 cobrir

409 3591 528 3672 alegran
542 3611 589 3650 ma
603 3592 694 3651 dolor.
