2520 4216
709 249 742 302 32

421 416 511 484 Vers,
526 413 571 471 vai
587 409 646 469 t’en
660 431 710 470 ves
725 411 868 470 Montoliu

422 500 482 556 edi
497 494 556 556 m'a
570 498 615 556 las
631 504 691 555 tres
707 516 818 566 serore,

423 603 479 659 que
493 593 544 641 tan
559 583 599 640 mi
614 583 693 659 platz
708 583 754 640 lor
767 599 862 639 amors
869 625 879 652 ‚

423 664 518 744 qu‘ins
535 688 571 725 en
586 687 653 724 mon
668 685 718 725 cor
730 667 775 725 las
790 667 899 724 escriu:

422 775 472 812 ves
487 761 564 812 totas
580 761 639 811 tres
654 747 797 809 m'umiliu

424 860 460 896 en
474 840 533 896 fatz
548 839 669 896 domnas
685 857 700 894 e
716 838 848 896 senhors.

423 945 439 981 e
454 925 586 1002 plagram
600 924 675 980 mais
690 923 727 979 de
742 920 862 980 Castela

423 1028 482 1067 una
496 1027 589 1084 pauca
600 1008 767 1081 jovensela,

424 1113 480 1170 que
495 1089 577 1151 d‘aur
592 1099 690 1169 cargat
704 1093 757 1150 mil
771 1093 864 1150 camel

423 1181 461 1238 ab
475 1174 609 1254 l’emperi
623 1177 751 1236 Manuel.

423 1350 483 1407 Per
497 1349 575 1406 saint
589 1349 609 1406 J
611 1365 692 1404 acme
707 1342 802 1422 qu'om
819 1347 905 1422 apela

424 1429 561 1509 l’apostol
576 1433 612 1489 de
628 1430 830 1508 Compostela‚

425 1538 460 1576 en
476 1513 560 1576 Luzi'
576 1539 594 1575 a
609 1518 651 1574 tal
666 1517 776 1591 Miquel

425 1621 511 1680 quem
525 1603 573 1660 val
587 1602 662 1660 mais
678 1621 734 1677 que
750 1601 795 1659 cel
809 1602 855 1660 del
872 1602 927 1660 cel.

426 2185 512 2258 Mout
527 2217 558 2256 es
573 2198 650 2256 bona
665 2191 733 2254 terr’
750 2195 890 2271 Espanha

427 2285 455 2341 el
470 2283 513 2340 rei
528 2283 577 2358 qui
592 2283 699 2340 senhor
714 2301 750 2338 en
766 2299 815 2356 80,

426 2368 499 2427 dous
514 2387 530 2424 e
546 2386 595 2425 ear
610 2387 625 2423 e
639 2367 723 2424 franc
738 2385 754 2422 e
769 2367 805 2422 bo

428 2474 444 2510 e
459 2455 494 2510 de
509 2461 625 2510 corteza
640 2451 814 2527 companha3

427 2559 443 2596 e
458 2534 495 2598 s’i
510 2558 527 2595 a
541 2533 670 2596 d'autres
685 2539 786 2606 batos,

427 2631 507 2682 mout
522 2623 642 2681 avinens
658 2642 673 2678 e
689 2631 769 2680 mout
783 2638 851 2695 pros

427 2711 464 2766 de
479 2729 530 2768 sen
546 2709 613 2765 ede
628 2707 817 2765 conoissensa

428 2815 444 2851 e
459 2795 495 2852 de
509 2793 580 2851 faitz
595 2793 664 2849 ede
678 2809 834 2868 parvensa.

429 2965 488 3022 Per
502 2983 588 3040 quem
603 2963 683 3038 platz
698 2955 821 3035 qu’entr'
838 2960 882 3018 els
898 2959 1039 3017 remanha

429 3068 466 3105 en
481 3046 642 3125 l'emperial
657 3050 735 3121 rejo,

430 3151 503 3208 quar
517 3152 565 3192 ses
580 3141 643 3190 tota
658 3139 797 3189 conteneo

429 3238 476 3276 me
491 3226 554 3275 rete
568 3225 638 3294 gent
653 3237 698 3274 em
713 3216 847 3294 gazanha

429 3302 488 3361 reis
504 3303 679 3378 emperaires
694 3301 803 3370 Anfos,

430 3407 483 3463 per
497 3388 542 3443 cui
554 3390 658 3461 juvens
675 3406 706 3445 es
719 3388 811 3460 jojos,

430 3491 503 3547 quez
519 3472 546 3528 el
561 3491 629 3529 mon
643 3491 702 3530 non
721 3490 739 3528 a
753 3469 887 3539 valensa,

431 3575 487 3632 que
502 3574 536 3615 sa
549 3556 646 3616 valors
662 3577 699 3615 no
715 3557 743 3614 la
759 3573 857 3614 venna.
