2520 4216
433 663 536 748 Amor,
551 695 619 754 pres
635 677 681 736 sui
695 679 731 736 de
746 678 873 748 labora,

434 782 507 840 quar
520 763 593 821 m'es
608 770 659 821 tan
673 765 709 821 de
723 764 802 822 mala
816 763 916 841 guiza,
950 781 960 792 ·

433 841 520 924 qu’eu
535 849 618 927 augei
632 849 770 908 m’aosetz
785 848 927 924 conquiza

433 934 464 992 la
477 953 584 1013 gensor
599 953 615 990 e
629 935 660 992 la
673 935 740 1011 plus
754 937 822 1013 gaja

433 1019 480 1076 del
496 1039 563 1078 mon
572 1063 581 1090 ,
602 1038 665 1078 mas
680 1037 754 1078 nous
769 1021 849 1097 platz
864 1019 949 1096 qu’eu
964 1013 1046 1096 l'aja.

432 1123 486 1181 per
500 1103 585 1181 qu’eu
599 1105 707 1163 morrai
721 1106 923 1180 dezesperatz,

434 1209 524 1260 amor,
540 1198 570 1247 et
584 1209 616 1248 er
630 1197 705 1248 tortz
721 1209 737 1248 e
751 1197 885 1267 peccatz,

435 1275 461 1332 si
476 1275 609 1350 d’aquest
622 1285 718 1333 vostre
733 1276 875 1333 benvolen

434 1377 494 1416 non
508 1366 591 1418 avetz
606 1359 710 1436 calque
724 1361 903 1420 chauzimen.

433 1531 488 1599 Ja,
505 1529 567 1588 s’eu
582 1547 704 1607 saupes‚
719 1550 776 1588 non
791 1549 905 1606 amera,

433 1633 491 1692 que
504 1609 582 1673 m‘en
596 1634 699 1691 premes
715 1611 817 1674 d'aital
831 1615 932 1694 guiza,

433 1694 516 1775 qu'er
529 1719 548 1758 a
561 1719 610 1758 ma
623 1703 757 1759 voluntat
771 1701 852 1778 priza

433 1785 492 1843 cilh
506 1781 588 1861 qu’es
604 1782 751 1864 orgolhoz'
767 1806 784 1844 e
797 1789 867 1864 gaja

432 1889 484 1929 vas
500 1872 554 1941 mi,
571 1871 638 1930 ede
653 1872 713 1931 mal
727 1867 814 1948 qu'en
829 1873 906 1948 traja

432 1956 502 2014 nolh
517 1957 577 2026 cal,
592 1974 647 2014 ans
662 1954 720 2015 m‘a
733 1975 796 2016 mes
811 1975 848 2014 en
863 1957 907 2015 tal
921 1957 996 2028 lata,

432 2060 489 2117 que
500 2041 559 2116 joie
574 2041 606 2099 ni
621 2043 741 2118 deportz
755 2042 786 2100 ni
802 2041 896 2100 solatz

431 2123 545 2184 d’autra
558 2146 626 2184 nom
641 2121 708 2186 don'
723 2127 927 2197 esbaudimen,

432 2211 462 2268 ni
478 2211 584 2270 doleis
599 2211 670 2269 nulh
682 2212 726 2286 joi
741 2231 799 2270 non
814 2219 893 2272 που.

431 2381 491 2439 Per
505 2375 591 2456 qu'eu
605 2399 624 2438 a
638 2401 706 2440 mon
721 2391 788 2460 grat
806 2377 958 2454 m'estera,

431 2465 461 2524 fe
475 2484 567 2541 quens
581 2467 644 2537 dei,
659 2486 712 2527 ans
727 2468 764 2525 de
778 2486 827 2526 ma
839 2468 940 2545 guiza,

431 2546 593 2629 qu'enquer
608 2570 645 2609 no
661 2547 755 2630 l'agra
769 2553 907 2628 enquiza3

432 2657 448 2694 e
462 2656 532 2713 pero
547 2655 606 2696 non
622 2655 654 2696 es
668 2644 719 2695 tan
734 2640 816 2715 gaja,

430 2719 515 2797 qu’eu
530 2724 567 2781 de
581 2723 636 2780 leis
651 2723 711 2780 mal
725 2741 784 2780 non
798 2725 923 2800 retraja,

431 2826 447 2864 e
462 2808 509 2864 dir
522 2802 582 2866 n'ai
596 2808 693 2866 enoitz
709 2827 725 2864 e
739 2808 856 2878 viltatz,

431 2892 502 2951 sitot
516 2887 575 2952 s'es
590 2890 732 2968 mensonj’
748 2912 765 2950 e
778 2892 910 2964 foudatz,

430 2993 505 3052 quar
519 2995 584 3036 core
599 2973 683 3054 qu'es
697 2978 762 3054 ples
777 2975 953 3036 d'aziramen

429 3061 470 3120 fai
484 3063 542 3121 ben
556 3062 646 3121 falhir
660 3064 733 3121 hoca
747 3082 845 3122 soven.

431 3227 527 3306 Qu'eu
541 3233 569 3290 vi
581 3235 614 3307 ja
628 3230 701 3290 l'ora
715 3228 808 3308 qu'ilh
823 3251 873 3290 era

429 3315 531 3375 franca
546 3337 562 3374 e
577 3318 613 3376 de
629 3319 705 3376 bona
718 3318 806 3395 guiza

430 3420 447 3459 e
462 3420 495 3460 sa
510 3403 582 3460 boca
595 3412 666 3480 gent
679 3403 781 3480 apriza

430 3505 467 3544 en
481 3488 581 3562 parlar
593 3489 715 3563 paraula
729 3490 813 3566 gaja‚

430 3590 481 3632 vas
496 3573 552 3630 bon
566 3579 648 3648 pretz
663 3568 713 3630 fin'
729 3592 745 3630 e
760 3575 873 3647 veraja,
