2520 4216
484 289 517 340 35

193 457 244 508 tan
260 446 328 511 bon’
343 461 513 510 eventuram
527 453 631 530 guida,

193 555 250 612 que
265 537 320 596 leis
336 531 405 612 qu'a
418 538 500 596 valor
514 537 660 614 eomplida

193 616 252 679 m'a
267 640 329 680 mes
344 641 381 680 en
396 617 465 682 bon'
481 641 641 700 esperansa
703 619 706 628 ’

193 725 209 762 e
224 701 284 765 m’a
297 708 367 765 trait
381 707 418 764 de
432 708 511 766 mala
526 717 603 778 sort,

193 792 219 849 si
233 793 302 869 quel
316 811 389 854 neus
404 793 444 850 mi
459 794 572 852 sembla
585 795 655 852 fiors

192 877 221 934 el
235 878 314 955 glatz
326 877 420 952 jardie
435 898 451 936 e
466 879 600 948 verdors,

193 969 222 1019 et
236 963 264 1020 ai
279 961 329 1040 fag
342 981 396 1038 per
410 963 486 1022 dreit
499 983 567 1022 mon
581 983 634 1040 pro

192 1055 241 1104 tan
257 1064 329 1123 quez
345 1049 496 1124 enrequitz
511 1067 548 1106 en
564 1067 606 1108 so.

190 1217 271 1276 Tant
285 1225 368 1276 avetz
384 1219 441 1278 bon
455 1227 538 1295 pretz
554 1238 570 1276 e
584 1218 654 1288 fort,

190 1303 266 1362 bona
282 1303 402 1372 domna,
418 1322 474 1380 que
489 1305 585 1366 valors

192 1407 241 1446 vos
256 1388 340 1452 lauza
354 1389 429 1448 mais
459 1406 515 1464 que
530 1391 662 1464 lauzors‚

188 1492 241 1548 per
256 1468 342 1548 qu'eu
357 1482 452 1534 tetrae
466 1493 515 1532 ma
529 1476 637 1534 chanso

189 1559 292 1616 novela
306 1560 344 1618 ab
359 1561 442 1618 novel
458 1578 501 1620 so.

187 1726 270 1784 Bona
284 1728 391 1785 domna
396 1771 405 1798 ,
421 1749 494 1788 neus
509 1731 546 1788 de
560 1737 627 1807 port

187 1812 301 1872 sembla
314 1813 344 1870 la
359 1815 456 1873 vostra
470 1816 620 1885 blancum,

188 1917 273 1974 epar
287 1898 323 1955 de
338 1900 418 1957 rozal
436 1901 546 1975 colom,

187 1977 345 2058 qu'aissius
360 1983 418 2042 fetz
434 1985 505 2044 deus
521 1987 556 2044 de
571 1985 678 2059 faisso,

187 2085 243 2142 que
258 2068 372 2126 naturai
387 2078 453 2146 pert
467 2091 545 2130 razo.

470 2275 518 2332 17.

610 2375 619 2396 Ι

184 2391 233 2465 Ab
248 2404 339 2466 l'alen
355 2410 394 2468 tir
407 2429 459 2469 vas
474 2431 521 2470 me
536 2370 620 2472 l'air‘e

185 2489 272 2568 qu'eu
286 2513 340 2552 sen
355 2496 438 2554 venir
452 2497 488 2554 de
502 2497 648 2556 Proensa:

184 2585 227 2636 tot
243 2589 334 2653 quant
349 2598 381 2638 es
396 2582 432 2639 de
447 2581 488 2640 lai
503 2577 668 2659 m'agensa,

184 2664 210 2719 si
226 2681 296 2738 que,
312 2684 389 2740 quan
405 2661 494 2742 n'aug
509 2667 565 2724 ben
580 2667 717 2736 retraire,

184 2767 220 2805 eu
234 2744 291 2807 m'o
308 2757 407 2808 escout
422 2770 459 2808 en
474 2751 555 2808 rizen

184 2851 220 2890 en
236 2833 339 2892 deman
354 2855 408 2912 per
421 2853 460 2894 un
476 2844 537 2896 mot
551 2855 618 2894 cen:

184 2925 234 2975 tan
249 2913 322 2978 m'es
338 2921 387 2979 bel
402 2938 479 2997 quan
495 2917 582 3000 n'aug
597 2923 653 2980 ben
670 2922 740 2980 diro.

183 3084 288 3164 Qu'om
305 3109 342 3149 no
359 3109 412 3168 sap
426 3099 477 3152 tan
493 3093 565 3152 dous
581 3092 695 3168 repaire

182 3193 247 3232 cum
263 3175 299 3232 de
314 3175 411 3234 Rozer
425 3186 469 3236 tro
485 3173 676 3254 qu'aVensa,

182 3259 208 3318 si
223 3277 288 3317 cum
303 3260 369 3317 clau
383 3281 461 3320 mars
477 3283 493 3320 e
507 3263 660 3337 Durensa,

181 3344 212 3401 ni
229 3365 265 3402 on
280 3353 329 3402 tan
344 3346 380 3404 fis
392 3348 451 3420 jois
466 3344 625 3408 s’esclaire.

180 3449 234 3504 per
249 3423 381 3505 qu’entre
395 3432 425 3490 la
439 3431 542 3492 franca
555 3455 612 3512 gen

180 3514 208 3570 ai
223 3514 328 3574 laissat
342 3535 410 3574 mon
425 3535 474 3576 cor
484 3521 592 3592 jauzen

179 3599 217 3657 ab
232 3600 288 3661 leis
303 3619 359 3678 que
373 3600 430 3662 sals
444 3603 519 3662 iratz
534 3605 606 3664 rire.'

756 3700 792 3753 3.
