2520 4216
737 259 771 312 48

450 424 478 480 Α
492 441 523 479 re
537 441 574 480 no
590 417 717 497 degr’om
733 421 827 479 melhs
842 422 919 498 fugir

451 526 514 564 com
529 506 587 564 mal
602 507 741 564 senhoriu
755 507 805 581 qui
819 525 945 584 pogues:

451 611 514 650 mas
529 591 606 668 fugir
620 610 658 648 no
673 590 696 648 li
710 609 781 668 pose
796 611 832 648 eu
845 610 913 668 ges,

452 673 586 752 qu'outra
600 677 630 734 la
644 695 708 733 mar
722 672 831 734 m’anet
844 677 915 734 felir

451 781 548 820 amors
561 762 633 820 daus
648 761 677 819 lo
693 770 825 820 senestre
839 762 900 819 latz

451 848 494 905 tal
508 848 574 923 eolp
589 865 642 923 per
656 839 742 921 qu’eu
757 846 802 906 sui
819 847 863 905 sai
882 855 1009 918 tornat23

451 933 509 990 don
524 932 629 990 morrai
646 927 710 989 d’ir'
727 953 743 989 e
758 933 794 989 de
809 932 900 1001 dolor,

452 1018 478 1076 si
492 1036 585 1095 gaugz
601 1019 711 1076 entiers
727 1037 794 1075 nom
810 1037 847 1074 en
862 1035 956 1075 socor.

451 1189 492 1247 Et
506 1189 543 1246 ab
558 1207 635 1265 gaug
648 1207 695 1244 me
709 1206 800 1264 pogra
813 1187 893 1264 garir

452 1268 527 1330 d'ira
540 1293 589 1330 ma
601 1274 723 1342 domna,
740 1270 786 1330 s’il
802 1274 935 1349 volgues,

453 1377 469 1415 e
483 1377 537 1434 per
550 1377 599 1414 ma
612 1357 641 1414 fe
647 1400 655 1427 ,
672 1355 715 1414 s'a
729 1358 783 1415 leis
799 1358 935 1434 plagueS,

452 1444 522 1501 nolh
536 1442 625 1519 degra
640 1461 688 1500 ma
701 1451 794 1500 mortz
809 1443 910 1500 abelir.

453 1547 509 1603 que
523 1535 584 1586 totz
599 1527 646 1585 sui
660 1545 728 1586 seus
743 1529 811 1585 hom
827 1528 1005 1602 domenJ‘atz,

453 1633 469 1671 e
485 1633 542 1673 non
559 1633 575 1670 ο
590 1612 638 1670 die
652 1632 703 1684 eu,
719 1631 752 1672 so
768 1614 922 1690 sapchatz‚

452 1717 506 1775 per
520 1718 553 1758 so
569 1717 655 1773 quem
669 1698 750 1757 fassa
764 1706 856 1756 mortz
871 1717 951 1774 paor,

452 1803 516 1842 mas
531 1802 605 1859 quar
618 1783 660 1841 ilh
674 1793 741 1859 pert
755 1802 808 1842 son
822 1783 950 1842 amador.

452 1954 496 2012 Be
512 1954 601 2032 degra
614 1973 663 2012 ma
677 1953 786 2011 domna
800 1953 917 2010 chauzir

454 2057 519 2096 eum
534 2039 579 2096 sui
595 2046 708 2096 tornatz
724 2057 760 2095 en
776 2056 825 2096 sas
841 2055 967 2107 merces,

453 2142 527 2198 quar
541 2143 594 2200 per
608 2142 675 2181 razo
691 2123 739 2180 val
754 2124 831 2181 bona
845 2123 889 2180 fes

451 2209 492 2266 lai
508 2227 545 2266 on
559 2208 621 2265 falh
636 2207 741 2284 poders
757 2209 793 2264 de
810 2208 910 2267 servir.

452 2293 538 2368 qu'en
554 2294 598 2350 las
614 2293 689 2351 ricas
705 2301 783 2350 eortz
797 2294 907 2369 pietatz

452 2379 656 2455 dezencolpals
671 2379 737 2454 plus
753 2379 922 2454 encolpatz;

453 2482 505 2539 per
520 2458 713 2538 qu'umilitatz
728 2465 766 2520 ab
781 2464 857 2521 rioor

452 2543 519 2607 don*
535 2568 554 2605 a
568 2555 628 2607 totz
643 2557 741 2606 autres
752 2549 812 2623 jois
828 2549 923 2606 sabor.

452 2714 576 2778 D'autre
590 2720 648 2776 mal
664 2738 711 2776 me
726 2714 824 2777 saubr'
840 2739 877 2776 eu
890 2719 979 2795 garir,

452 2823 516 2863 mas
532 2799 666 2878 d'aquest
680 2823 726 2861 me
741 2805 874 2862 trenchet
888 2804 917 2861 lo
931 2802 1006 2872 fres,

454 2908 530 2964 quan
545 2909 594 2946 ma
608 2889 674 2948 bela
689 2889 824 2946 domnam
840 2908 955 2965 promes

454 2993 487 3033 so
502 2975 558 3032 don
574 2969 649 3031 m'ae
663 2993 699 3031 en
715 2992 796 3031 cora
810 2975 925 3032 mentir.

454 3079 471 3116 e
486 3060 592 3116 servirs
608 3058 667 3116 mal
680 3058 875 3136 gazardonatz
890 3087 912 3098 -

454 3144 528 3202 aicel
542 3144 610 3219 quel
625 3161 696 3220 pren
712 3163 743 3202 es
758 3163 846 3220 grans
862 3151 998 3219 peccatu,

454 3246 511 3302 que
525 3248 578 3304 per
592 3230 650 3287 mal
665 3229 885 3306 gazardonador

455 3333 508 3372 son
523 3315 632 3390 paubre
647 3313 738 3371 maint
753 3315 789 3371 bo
805 3313 943 3372 servidor.

453 3482 586 3553 Domna,
602 3501 665 3541 mas
680 3503 718 3541 no
733 3476 810 3541 m’en
825 3501 896 3559 poso
911 3482 1008 3558 sofrir,

454 3569 526 3627 deus
542 3587 558 3625 e
573 3568 757 3628 ehauzimens
773 3569 813 3627 mi
826 3569 961 3646 valgues,
