<?xml version="1.0" encoding="UTF-8"?>
<!DOCTYPE html PUBLIC "-//W3C//DTD XHTML 1.0 Transitional//EN"
    "http://www.w3.org/TR/xhtml1/DTD/xhtml1-transitional.dtd">
<html xmlns="http://www.w3.org/1999/xhtml" xml:lang="en" lang="en">
 <head>
  <title>
</title>
<meta http-equiv="Content-Type" content="text/html;charset=utf-8" />
  <meta name='ocr-system' content='tesseract 3.04.00' />
  <meta name='ocr-capabilities' content='ocr_page ocr_carea ocr_par ocr_line ocrx_word'/>
</head>
<body>
  <div class='ocr_page' id='page_1' title='image "./lieder00bartgoog_0186.png"; bbox 0 0 2520 4216; ppageno 0'>
   <div class='ocr_carea' id='block_1_1' title="bbox 724 249 758 302">
    <p class='ocr_par' dir='ltr' id='par_1_1' title="bbox 724 249 758 302">
     <span class='ocr_line' id='line_1_1' title="bbox 724 249 758 302; baseline 0 0"><span class='ocrx_word' id='word_1_1' title='bbox 724 249 758 302; x_wconf 80' lang='lat'>42</span> 
     </span>
    </p>
   </div>
   <div class='ocr_carea' id='block_1_2' title="bbox 638 313 841 332">
    <p class='ocr_par' dir='ltr' id='par_1_2' title="bbox 638 313 841 332">
     <span class='ocr_line' id='line_1_2' title="bbox 638 313 841 332; baseline 0 -2"><span class='ocrx_word' id='word_1_2' title='bbox 638 313 841 332; x_wconf 58' lang='lat' dir='ltr'>..d—.—</span> 
     </span>
    </p>
   </div>
   <div class='ocr_carea' id='block_1_3' title="bbox 716 497 766 556">
    <p class='ocr_par' dir='ltr' id='par_1_3' title="bbox 716 497 766 556">
     <span class='ocr_line' id='line_1_3' title="bbox 716 497 766 556; baseline -0.04 0"><span class='ocrx_word' id='word_1_3' title='bbox 716 497 766 556; x_wconf 74' lang='lat'>21.</span> 
     </span>
    </p>
   </div>
   <div class='ocr_carea' id='block_1_4' title="bbox 433 653 874 744">
    <p class='ocr_par' dir='ltr' id='par_1_4' title="bbox 433 653 874 744">
     <span class='ocr_line' id='line_1_4' title="bbox 433 653 874 744; baseline -0.007 -15"><span class='ocrx_word' id='word_1_4' title='bbox 433 653 537 737; x_wconf 74' lang='lat' dir='ltr'><strong>Amor,</strong></span> <span class='ocrx_word' id='word_1_5' title='bbox 551 685 620 744; x_wconf 80' lang='lat' dir='ltr'>pres</span> <span class='ocrx_word' id='word_1_6' title='bbox 635 666 681 725; x_wconf 84' lang='lat' dir='ltr'>sui</span> <span class='ocrx_word' id='word_1_7' title='bbox 696 668 732 726; x_wconf 78' lang='lat' dir='ltr'>de</span> <span class='ocrx_word' id='word_1_8' title='bbox 746 668 874 738; x_wconf 78' lang='lat' dir='ltr'><strong>labora,</strong></span> 
     </span>
    </p>
   </div>
   <div class='ocr_carea' id='block_1_5' title="bbox 433 753 1046 1425">
    <p class='ocr_par' dir='ltr' id='par_1_5' title="bbox 434 753 961 917">
     <span class='ocr_line' id='line_1_5' title="bbox 434 753 961 830; baseline 0 -20"><span class='ocrx_word' id='word_1_9' title='bbox 434 772 507 830; x_wconf 83' lang='lat' dir='ltr'><strong>quar</strong></span> <span class='ocrx_word' id='word_1_10' title='bbox 521 753 593 811; x_wconf 86' lang='lat' dir='ltr'>m‘es</span> <span class='ocrx_word' id='word_1_11' title='bbox 608 760 658 810; x_wconf 86' lang='lat' dir='ltr'>tan</span> <span class='ocrx_word' id='word_1_12' title='bbox 673 754 709 810; x_wconf 89' lang='lat' dir='ltr'>de</span> <span class='ocrx_word' id='word_1_13' title='bbox 724 753 803 810; x_wconf 81' lang='lat' dir='ltr'><strong>mala</strong></span> <span class='ocrx_word' id='word_1_14' title='bbox 816 753 916 830; x_wconf 80' lang='lat' dir='ltr'>guiza,</span> <span class='ocrx_word' id='word_1_15' title='bbox 950 771 961 780; x_wconf 94' lang='lat'><em>·</em></span> 
     </span>
     <span class='ocr_line' id='line_1_6' title="bbox 434 831 928 917; baseline 0.004 -21"><span class='ocrx_word' id='word_1_16' title='bbox 434 831 521 915; x_wconf 77' lang='lat' dir='ltr'>qu’eu</span> <span class='ocrx_word' id='word_1_17' title='bbox 536 839 618 917; x_wconf 70' lang='lat' dir='ltr'>augei</span> <span class='ocrx_word' id='word_1_18' title='bbox 632 839 771 897; x_wconf 78' lang='lat' dir='ltr'>m&#39;aesetz</span> <span class='ocrx_word' id='word_1_19' title='bbox 785 839 928 914; x_wconf 77' lang='lat' dir='ltr'>conquiza</span> 
     </span>
    </p>

    <p class='ocr_par' dir='ltr' id='par_1_6' title="bbox 433 923 822 1002">
     <span class='ocr_line' id='line_1_7' title="bbox 433 923 822 1002; baseline 0 -20"><span class='ocrx_word' id='word_1_20' title='bbox 433 923 464 982; x_wconf 82' lang='lat' dir='ltr'>la</span> <span class='ocrx_word' id='word_1_21' title='bbox 478 943 585 1002; x_wconf 80' lang='lat' dir='ltr'>gensor</span> <span class='ocrx_word' id='word_1_22' title='bbox 599 942 616 980; x_wconf 84' lang='lat' dir='ltr'>e</span> <span class='ocrx_word' id='word_1_23' title='bbox 630 924 660 981; x_wconf 75' lang='lat' dir='ltr'>la</span> <span class='ocrx_word' id='word_1_24' title='bbox 674 925 740 1000; x_wconf 80' lang='lat' dir='ltr'>plus</span> <span class='ocrx_word' id='word_1_25' title='bbox 755 926 822 1002; x_wconf 82' lang='lat' dir='ltr'>gaja</span> 
     </span>
    </p>

    <p class='ocr_par' dir='ltr' id='par_1_7' title="bbox 433 1002 1046 1171">
     <span class='ocr_line' id='line_1_8' title="bbox 434 1002 1046 1086; baseline 0.003 -20"><span class='ocrx_word' id='word_1_26' title='bbox 434 1008 482 1066; x_wconf 83' lang='lat' dir='ltr'>del</span> <span class='ocrx_word' id='word_1_27' title='bbox 496 1028 581 1079; x_wconf 85' lang='lat' dir='ltr'><strong>mon,</strong></span> <span class='ocrx_word' id='word_1_28' title='bbox 602 1027 665 1067; x_wconf 83' lang='lat' dir='ltr'>mas</span> <span class='ocrx_word' id='word_1_29' title='bbox 681 1027 755 1068; x_wconf 83' lang='lat' dir='ltr'>nous</span> <span class='ocrx_word' id='word_1_30' title='bbox 770 1010 850 1086; x_wconf 71' lang='lat' dir='ltr'><strong>platz</strong></span> <span class='ocrx_word' id='word_1_31' title='bbox 864 1009 950 1085; x_wconf 84' lang='lat' dir='ltr'>qu&#39;eu</span> <span class='ocrx_word' id='word_1_32' title='bbox 964 1002 1046 1085; x_wconf 70' lang='lat' dir='ltr'>l’ajv„</span> 
     </span>
     <span class='ocr_line' id='line_1_9' title="bbox 433 1093 924 1171; baseline -0.002 -20"><span class='ocrx_word' id='word_1_33' title='bbox 433 1113 487 1171; x_wconf 86' lang='lat' dir='ltr'>per</span> <span class='ocrx_word' id='word_1_34' title='bbox 500 1093 587 1170; x_wconf 89' lang='lat' dir='ltr'>qu’eu</span> <span class='ocrx_word' id='word_1_35' title='bbox 600 1095 707 1152; x_wconf 76' lang='lat' dir='ltr'><strong>morrai</strong></span> <span class='ocrx_word' id='word_1_36' title='bbox 721 1095 924 1170; x_wconf 76' lang='lat' dir='ltr'>dezesperatz,</span> 
     </span>
    </p>

    <p class='ocr_par' dir='ltr' id='par_1_8' title="bbox 434 1186 886 1256">
     <span class='ocr_line' id='line_1_10' title="bbox 434 1186 886 1256; baseline 0.002 -19"><span class='ocrx_word' id='word_1_37' title='bbox 434 1199 524 1250; x_wconf 84' lang='lat' dir='ltr'>amor,</span> <span class='ocrx_word' id='word_1_38' title='bbox 541 1188 571 1236; x_wconf 85' lang='lat' dir='ltr'>et</span> <span class='ocrx_word' id='word_1_39' title='bbox 585 1198 616 1236; x_wconf 84' lang='lat' dir='ltr'>er</span> <span class='ocrx_word' id='word_1_40' title='bbox 630 1186 706 1236; x_wconf 82' lang='lat' dir='ltr'><strong>tortz</strong></span> <span class='ocrx_word' id='word_1_41' title='bbox 721 1199 738 1238; x_wconf 86' lang='lat' dir='ltr'>e</span> <span class='ocrx_word' id='word_1_42' title='bbox 752 1187 886 1256; x_wconf 65' lang='lat' dir='ltr'>peccata,</span> 
     </span>
    </p>

    <p class='ocr_par' dir='ltr' id='par_1_9' title="bbox 436 1264 875 1339">
     <span class='ocr_line' id='line_1_11' title="bbox 436 1264 875 1339; baseline 0 -17"><span class='ocrx_word' id='word_1_43' title='bbox 436 1264 462 1322; x_wconf 83' lang='lat' dir='ltr'>si</span> <span class='ocrx_word' id='word_1_44' title='bbox 475 1265 609 1339; x_wconf 77' lang='lat' dir='ltr'><strong>d&#39;aquest</strong></span> <span class='ocrx_word' id='word_1_45' title='bbox 622 1275 719 1322; x_wconf 83' lang='lat' dir='ltr'>vostre</span> <span class='ocrx_word' id='word_1_46' title='bbox 733 1265 875 1323; x_wconf 83' lang='lat' dir='ltr'>benvolen</span> 
     </span>
    </p>

    <p class='ocr_par' dir='ltr' id='par_1_10' title="bbox 434 1349 904 1425">
     <span class='ocr_line' id='line_1_12' title="bbox 434 1349 904 1425; baseline 0.006 -19"><span class='ocrx_word' id='word_1_47' title='bbox 434 1368 494 1406; x_wconf 87' lang='lat' dir='ltr'>non</span> <span class='ocrx_word' id='word_1_48' title='bbox 509 1356 592 1408; x_wconf 80' lang='lat' dir='ltr'><strong>avetz</strong></span> <span class='ocrx_word' id='word_1_49' title='bbox 607 1349 710 1425; x_wconf 79' lang='lat' dir='ltr'>calque</span> <span class='ocrx_word' id='word_1_50' title='bbox 725 1351 904 1409; x_wconf 81' lang='lat' dir='ltr'><strong>chauzimen.</strong></span> 
     </span>
    </p>
   </div>
   <div class='ocr_carea' id='block_1_6' title="bbox 432 1519 997 2275">
    <p class='ocr_par' dir='ltr' id='par_1_11' title="bbox 434 1519 906 1596">
     <span class='ocr_line' id='line_1_13' title="bbox 434 1519 906 1596; baseline -0.002 -18"><span class='ocrx_word' id='word_1_51' title='bbox 434 1520 488 1588; x_wconf 58' lang='grc' dir='ltr'>εἶα,</span> <span class='ocrx_word' id='word_1_52' title='bbox 506 1519 567 1577; x_wconf 83' lang='lat' dir='ltr'>s’eu</span> <span class='ocrx_word' id='word_1_53' title='bbox 583 1537 705 1596; x_wconf 80' lang='lat' dir='ltr'>saupes‚</span> <span class='ocrx_word' id='word_1_54' title='bbox 719 1539 777 1577; x_wconf 88' lang='lat' dir='ltr'>non</span> <span class='ocrx_word' id='word_1_55' title='bbox 792 1539 906 1594; x_wconf 84' lang='lat' dir='ltr'>amera,</span> 
     </span>
    </p>

    <p class='ocr_par' dir='ltr' id='par_1_12' title="bbox 434 1599 933 1767">
     <span class='ocr_line' id='line_1_14' title="bbox 434 1599 933 1683; baseline 0.002 -22"><span class='ocrx_word' id='word_1_56' title='bbox 434 1623 491 1682; x_wconf 85' lang='lat' dir='ltr'>que</span> <span class='ocrx_word' id='word_1_57' title='bbox 505 1599 582 1662; x_wconf 81' lang='lat' dir='ltr'>m&#39;en</span> <span class='ocrx_word' id='word_1_58' title='bbox 597 1623 700 1681; x_wconf 77' lang='lat' dir='ltr'>prezes</span> <span class='ocrx_word' id='word_1_59' title='bbox 716 1601 818 1663; x_wconf 79' lang='lat' dir='ltr'>d&#39;aital</span> <span class='ocrx_word' id='word_1_60' title='bbox 832 1605 933 1683; x_wconf 81' lang='lat' dir='ltr'><strong>guiza,</strong></span> 
     </span>
     <span class='ocr_line' id='line_1_15' title="bbox 434 1685 853 1767; baseline 0.002 -20"><span class='ocrx_word' id='word_1_61' title='bbox 434 1685 517 1765; x_wconf 85' lang='lat' dir='ltr'>qu’er</span> <span class='ocrx_word' id='word_1_62' title='bbox 530 1709 549 1748; x_wconf 81' lang='lat' dir='ltr'><strong>a</strong></span> <span class='ocrx_word' id='word_1_63' title='bbox 563 1709 611 1748; x_wconf 78' lang='lat' dir='ltr'>ma</span> <span class='ocrx_word' id='word_1_64' title='bbox 624 1691 757 1748; x_wconf 73' lang='lat' dir='ltr'><strong>voluntat</strong></span> <span class='ocrx_word' id='word_1_65' title='bbox 771 1690 853 1767; x_wconf 83' lang='lat' dir='ltr'>priza</span> 
     </span>
    </p>

    <p class='ocr_par' dir='ltr' id='par_1_13' title="bbox 434 1770 867 1854">
     <span class='ocr_line' id='line_1_16' title="bbox 434 1770 867 1854; baseline 0.002 -21"><span class='ocrx_word' id='word_1_66' title='bbox 434 1775 492 1833; x_wconf 85' lang='lat' dir='ltr'>cilh</span> <span class='ocrx_word' id='word_1_67' title='bbox 506 1770 589 1851; x_wconf 86' lang='lat' dir='ltr'>qu’es</span> <span class='ocrx_word' id='word_1_68' title='bbox 605 1771 752 1853; x_wconf 83' lang='lat' dir='ltr'>orgolhoz&#39;</span> <span class='ocrx_word' id='word_1_69' title='bbox 768 1795 785 1832; x_wconf 86' lang='lat' dir='ltr'>e</span> <span class='ocrx_word' id='word_1_70' title='bbox 798 1778 867 1854; x_wconf 77' lang='lat' dir='ltr'><strong>gaja</strong></span> 
     </span>
    </p>

    <p class='ocr_par' dir='ltr' id='par_1_14' title="bbox 433 1856 906 1937">
     <span class='ocr_line' id='line_1_17' title="bbox 433 1856 906 1937; baseline 0 -19"><span class='ocrx_word' id='word_1_71' title='bbox 433 1879 485 1919; x_wconf 79' lang='lat' dir='ltr'>vas</span> <span class='ocrx_word' id='word_1_72' title='bbox 500 1861 554 1930; x_wconf 91' lang='lat' dir='ltr'>mi,</span> <span class='ocrx_word' id='word_1_73' title='bbox 571 1881 588 1918; x_wconf 86' lang='lat' dir='ltr'>e</span> <span class='ocrx_word' id='word_1_74' title='bbox 602 1861 641 1918; x_wconf 50' lang='lat' dir='ltr'>de¹</span> <span class='ocrx_word' id='word_1_75' title='bbox 654 1861 713 1920; x_wconf 74' lang='lat' dir='ltr'>mal</span> <span class='ocrx_word' id='word_1_76' title='bbox 728 1856 815 1937; x_wconf 84' lang='lat' dir='ltr'>qu’en</span> <span class='ocrx_word' id='word_1_77' title='bbox 829 1863 906 1937; x_wconf 77' lang='lat' dir='ltr'><strong>traja</strong></span> 
     </span>
    </p>

    <p class='ocr_par' dir='ltr' id='par_1_15' title="bbox 433 1944 997 2186">
     <span class='ocr_line' id='line_1_18' title="bbox 433 1944 997 2017; baseline 0 -13"><span class='ocrx_word' id='word_1_78' title='bbox 433 1947 503 2004; x_wconf 87' lang='lat' dir='ltr'><strong>nolh</strong></span> <span class='ocrx_word' id='word_1_79' title='bbox 518 1947 578 2016; x_wconf 81' lang='lat' dir='ltr'><strong>cal,</strong></span> <span class='ocrx_word' id='word_1_80' title='bbox 594 1964 648 2004; x_wconf 82' lang='lat' dir='ltr'>ans</span> <span class='ocrx_word' id='word_1_81' title='bbox 663 1944 721 2004; x_wconf 82' lang='lat' dir='ltr'>m‘a</span> <span class='ocrx_word' id='word_1_82' title='bbox 734 1965 797 2005; x_wconf 86' lang='lat' dir='ltr'>mes</span> <span class='ocrx_word' id='word_1_83' title='bbox 812 1964 849 2004; x_wconf 84' lang='lat' dir='ltr'>en</span> <span class='ocrx_word' id='word_1_84' title='bbox 864 1946 908 2004; x_wconf 76' lang='lat' dir='ltr'>tal</span> <span class='ocrx_word' id='word_1_85' title='bbox 922 1947 997 2017; x_wconf 82' lang='lat' dir='ltr'><strong>latz,</strong></span> 
     </span>
     <span class='ocr_line' id='line_1_19' title="bbox 433 2030 896 2108; baseline 0 -20"><span class='ocrx_word' id='word_1_86' title='bbox 433 2049 490 2108; x_wconf 82' lang='lat' dir='ltr'>que</span> <span class='ocrx_word' id='word_1_87' title='bbox 501 2031 560 2106; x_wconf 83' lang='lat' dir='ltr'><strong>jois</strong></span> <span class='ocrx_word' id='word_1_88' title='bbox 575 2030 607 2088; x_wconf 91' lang='lat' dir='ltr'>ni</span> <span class='ocrx_word' id='word_1_89' title='bbox 622 2031 742 2106; x_wconf 81' lang='lat' dir='ltr'><strong>deportz</strong></span> <span class='ocrx_word' id='word_1_90' title='bbox 756 2031 787 2090; x_wconf 89' lang='lat' dir='ltr'>ni</span> <span class='ocrx_word' id='word_1_91' title='bbox 802 2031 896 2089; x_wconf 68' lang='lat' dir='ltr'><strong>solata</strong></span> 
     </span>
     <span class='ocr_line' id='line_1_20' title="bbox 433 2111 927 2186; baseline 0.004 -14"><span class='ocrx_word' id='word_1_92' title='bbox 433 2112 546 2174; x_wconf 77' lang='lat' dir='ltr'><strong>d’autra</strong></span> <span class='ocrx_word' id='word_1_93' title='bbox 559 2134 628 2173; x_wconf 89' lang='lat' dir='ltr'>nom</span> <span class='ocrx_word' id='word_1_94' title='bbox 642 2111 708 2174; x_wconf 89' lang='lat' dir='ltr'>don&#39;</span> <span class='ocrx_word' id='word_1_95' title='bbox 724 2115 927 2186; x_wconf 78' lang='lat' dir='ltr'><strong>esbaudimen,</strong></span> 
     </span>
    </p>

    <p class='ocr_par' dir='ltr' id='par_1_16' title="bbox 432 2201 894 2275">
     <span class='ocr_line' id='line_1_21' title="bbox 432 2201 894 2275; baseline 0.006 -17"><span class='ocrx_word' id='word_1_96' title='bbox 432 2201 463 2258; x_wconf 90' lang='lat' dir='ltr'>ni</span> <span class='ocrx_word' id='word_1_97' title='bbox 479 2201 515 2258; x_wconf 85' lang='lat' dir='ltr'>de</span> <span class='ocrx_word' id='word_1_98' title='bbox 529 2201 585 2260; x_wconf 79' lang='lat' dir='ltr'>leis</span> <span class='ocrx_word' id='word_1_99' title='bbox 599 2201 671 2259; x_wconf 89' lang='lat' dir='ltr'><strong>nulh</strong></span> <span class='ocrx_word' id='word_1_100' title='bbox 683 2201 726 2275; x_wconf 89' lang='lat' dir='ltr'>joi</span> <span class='ocrx_word' id='word_1_101' title='bbox 741 2219 800 2260; x_wconf 87' lang='lat' dir='ltr'>non</span> <span class='ocrx_word' id='word_1_102' title='bbox 814 2208 894 2262; x_wconf 67' lang='lat' dir='ltr'><strong>aton.</strong></span> 
     </span>
    </p>
   </div>
   <div class='ocr_carea' id='block_1_7' title="bbox 430 2364 958 3114">
    <p class='ocr_par' dir='ltr' id='par_1_17' title="bbox 431 2364 958 2618">
     <span class='ocr_line' id='line_1_22' title="bbox 432 2364 958 2449; baseline 0.004 -22"><span class='ocrx_word' id='word_1_103' title='bbox 432 2371 491 2428; x_wconf 85' lang='lat' dir='ltr'>Per</span> <span class='ocrx_word' id='word_1_104' title='bbox 506 2364 625 2445; x_wconf 40' lang='lat' dir='ltr'>qu&#39;eu1a</span> <span class='ocrx_word' id='word_1_105' title='bbox 639 2389 707 2428; x_wconf 87' lang='lat' dir='ltr'>mon</span> <span class='ocrx_word' id='word_1_106' title='bbox 722 2379 789 2449; x_wconf 72' lang='lat' dir='ltr'>grat</span> <span class='ocrx_word' id='word_1_107' title='bbox 807 2367 958 2442; x_wconf 81' lang='lat' dir='ltr'><strong>m&#39;estera,</strong></span> 
     </span>
     <span class='ocr_line' id='line_1_23' title="bbox 431 2455 940 2534; baseline 0.002 -21"><span class='ocrx_word' id='word_1_108' title='bbox 431 2455 461 2513; x_wconf 83' lang='lat' dir='ltr'>fe</span> <span class='ocrx_word' id='word_1_109' title='bbox 476 2473 567 2530; x_wconf 79' lang='lat' dir='ltr'>queue</span> <span class='ocrx_word' id='word_1_110' title='bbox 582 2456 644 2527; x_wconf 86' lang='lat' dir='ltr'>dei,</span> <span class='ocrx_word' id='word_1_111' title='bbox 660 2475 713 2516; x_wconf 83' lang='lat' dir='ltr'>ans</span> <span class='ocrx_word' id='word_1_112' title='bbox 728 2457 765 2514; x_wconf 84' lang='lat' dir='ltr'>de</span> <span class='ocrx_word' id='word_1_113' title='bbox 779 2475 828 2515; x_wconf 85' lang='lat' dir='ltr'>ma</span> <span class='ocrx_word' id='word_1_114' title='bbox 840 2457 940 2534; x_wconf 80' lang='lat' dir='ltr'>guiza,</span> 
     </span>
     <span class='ocr_line' id='line_1_24' title="bbox 432 2536 908 2618; baseline 0.004 -20"><span class='ocrx_word' id='word_1_115' title='bbox 432 2536 594 2617; x_wconf 86' lang='lat' dir='ltr'>qu&#39;enquer</span> <span class='ocrx_word' id='word_1_116' title='bbox 609 2560 646 2600; x_wconf 87' lang='lat' dir='ltr'>no</span> <span class='ocrx_word' id='word_1_117' title='bbox 661 2536 755 2618; x_wconf 81' lang='lat' dir='ltr'>l&#39;agra</span> <span class='ocrx_word' id='word_1_118' title='bbox 770 2542 908 2618; x_wconf 80' lang='lat' dir='ltr'>enquiza3</span> 
     </span>
    </p>

    <p class='ocr_par' dir='ltr' id='par_1_18' title="bbox 432 2630 816 2704">
     <span class='ocr_line' id='line_1_25' title="bbox 432 2630 816 2704; baseline 0 -20"><span class='ocrx_word' id='word_1_119' title='bbox 432 2646 449 2684; x_wconf 87' lang='lat' dir='ltr'>e</span> <span class='ocrx_word' id='word_1_120' title='bbox 463 2645 533 2702; x_wconf 82' lang='lat' dir='ltr'>pero</span> <span class='ocrx_word' id='word_1_121' title='bbox 548 2645 607 2686; x_wconf 88' lang='lat' dir='ltr'>non</span> <span class='ocrx_word' id='word_1_122' title='bbox 623 2645 655 2685; x_wconf 79' lang='lat' dir='ltr'>es</span> <span class='ocrx_word' id='word_1_123' title='bbox 670 2634 720 2684; x_wconf 79' lang='lat' dir='ltr'>tan</span> <span class='ocrx_word' id='word_1_124' title='bbox 735 2630 816 2704; x_wconf 84' lang='lat' dir='ltr'><strong>gaja,</strong></span> 
     </span>
    </p>

    <p class='ocr_par' dir='ltr' id='par_1_19' title="bbox 432 2709 923 2788">
     <span class='ocr_line' id='line_1_26' title="bbox 432 2709 923 2788; baseline 0.004 -20"><span class='ocrx_word' id='word_1_125' title='bbox 432 2709 516 2787; x_wconf 86' lang='lat' dir='ltr'>qu’eu</span> <span class='ocrx_word' id='word_1_126' title='bbox 531 2712 568 2769; x_wconf 83' lang='lat' dir='ltr'>de</span> <span class='ocrx_word' id='word_1_127' title='bbox 582 2713 637 2770; x_wconf 87' lang='lat' dir='ltr'>leis</span> <span class='ocrx_word' id='word_1_128' title='bbox 652 2712 712 2770; x_wconf 78' lang='lat' dir='ltr'>mal</span> <span class='ocrx_word' id='word_1_129' title='bbox 726 2731 785 2770; x_wconf 87' lang='lat' dir='ltr'>non</span> <span class='ocrx_word' id='word_1_130' title='bbox 799 2715 923 2788; x_wconf 74' lang='lat' dir='ltr'>ren-aja,</span> 
     </span>
    </p>

    <p class='ocr_par' dir='ltr' id='par_1_20' title="bbox 432 2793 857 2868">
     <span class='ocr_line' id='line_1_27' title="bbox 432 2793 857 2868; baseline 0.005 -14"><span class='ocrx_word' id='word_1_131' title='bbox 432 2815 448 2854; x_wconf 84' lang='lat' dir='ltr'>e</span> <span class='ocrx_word' id='word_1_132' title='bbox 463 2797 509 2854; x_wconf 89' lang='lat' dir='ltr'>dir</span> <span class='ocrx_word' id='word_1_133' title='bbox 522 2793 584 2855; x_wconf 82' lang='lat' dir='ltr'><strong>n’ai</strong></span> <span class='ocrx_word' id='word_1_134' title='bbox 597 2797 694 2855; x_wconf 83' lang='lat' dir='ltr'><strong>enoitz</strong></span> <span class='ocrx_word' id='word_1_135' title='bbox 710 2816 726 2854; x_wconf 83' lang='lat' dir='ltr'><strong>e</strong></span> <span class='ocrx_word' id='word_1_136' title='bbox 740 2797 857 2868; x_wconf 78' lang='lat' dir='ltr'><strong>viltatz,</strong></span> 
     </span>
    </p>

    <p class='ocr_par' dir='ltr' id='par_1_21' title="bbox 430 2877 954 3114">
     <span class='ocr_line' id='line_1_28' title="bbox 432 2877 911 2957; baseline 0.002 -19"><span class='ocrx_word' id='word_1_137' title='bbox 432 2881 503 2939; x_wconf 83' lang='lat' dir='ltr'><strong>sitot</strong></span> <span class='ocrx_word' id='word_1_138' title='bbox 517 2877 576 2941; x_wconf 80' lang='lat' dir='ltr'>s&#39;es</span> <span class='ocrx_word' id='word_1_139' title='bbox 591 2879 733 2957; x_wconf 84' lang='lat' dir='ltr'><strong>mensonj’</strong></span> <span class='ocrx_word' id='word_1_140' title='bbox 750 2882 911 2953; x_wconf 78' lang='lat' dir='ltr'><strong>efoudatz,</strong></span> 
     </span>
     <span class='ocr_line' id='line_1_29' title="bbox 432 2962 954 3043; baseline 0.002 -19"><span class='ocrx_word' id='word_1_141' title='bbox 432 2983 506 3041; x_wconf 82' lang='lat' dir='ltr'>quar</span> <span class='ocrx_word' id='word_1_142' title='bbox 520 2985 585 3026; x_wconf 78' lang='lat' dir='ltr'><strong>cors</strong></span> <span class='ocrx_word' id='word_1_143' title='bbox 601 2962 683 3043; x_wconf 80' lang='lat' dir='ltr'>qu’es</span> <span class='ocrx_word' id='word_1_144' title='bbox 698 2967 763 3043; x_wconf 79' lang='lat' dir='ltr'>ples</span> <span class='ocrx_word' id='word_1_145' title='bbox 778 2964 954 3026; x_wconf 77' lang='lat' dir='ltr'><strong>d’aziramen</strong></span> 
     </span>
     <span class='ocr_line' id='line_1_30' title="bbox 430 3049 846 3114; baseline 0.007 -5"><span class='ocrx_word' id='word_1_146' title='bbox 430 3049 471 3110; x_wconf 80' lang='lat' dir='ltr'>fai</span> <span class='ocrx_word' id='word_1_147' title='bbox 485 3053 543 3110; x_wconf 81' lang='lat' dir='ltr'>ben</span> <span class='ocrx_word' id='word_1_148' title='bbox 557 3052 647 3112; x_wconf 81' lang='lat' dir='ltr'><strong>falhir</strong></span> <span class='ocrx_word' id='word_1_149' title='bbox 660 3053 733 3110; x_wconf 83' lang='lat' dir='ltr'><strong>boca</strong></span> <span class='ocrx_word' id='word_1_150' title='bbox 748 3071 846 3114; x_wconf 83' lang='lat' dir='ltr'><strong>soven.</strong></span> 
     </span>
    </p>
   </div>
   <div class='ocr_carea' id='block_1_8' title="bbox 430 3216 874 3637">
    <p class='ocr_par' dir='ltr' id='par_1_22' title="bbox 430 3216 874 3384">
     <span class='ocr_line' id='line_1_31' title="bbox 432 3216 874 3297; baseline 0.005 -19"><span class='ocrx_word' id='word_1_151' title='bbox 432 3216 529 3294; x_wconf 82' lang='lat' dir='ltr'>Qu&#39;eu</span> <span class='ocrx_word' id='word_1_152' title='bbox 542 3222 569 3280; x_wconf 87' lang='lat' dir='ltr'>vi</span> <span class='ocrx_word' id='word_1_153' title='bbox 582 3225 615 3296; x_wconf 81' lang='lat' dir='ltr'>ja</span> <span class='ocrx_word' id='word_1_154' title='bbox 629 3219 702 3280; x_wconf 77' lang='lat' dir='ltr'>l’ora</span> <span class='ocrx_word' id='word_1_155' title='bbox 716 3218 809 3297; x_wconf 84' lang='lat' dir='ltr'>qu’ilh</span> <span class='ocrx_word' id='word_1_156' title='bbox 824 3241 874 3280; x_wconf 76' lang='lat' dir='ltr'>era</span> 
     </span>
     <span class='ocr_line' id='line_1_32' title="bbox 430 3305 807 3384; baseline 0.011 -22"><span class='ocrx_word' id='word_1_157' title='bbox 430 3305 532 3363; x_wconf 81' lang='lat' dir='ltr'><strong>franca</strong></span> <span class='ocrx_word' id='word_1_158' title='bbox 547 3326 563 3363; x_wconf 85' lang='lat' dir='ltr'>e</span> <span class='ocrx_word' id='word_1_159' title='bbox 577 3307 614 3364; x_wconf 81' lang='lat' dir='ltr'>de</span> <span class='ocrx_word' id='word_1_160' title='bbox 628 3309 706 3366; x_wconf 83' lang='lat' dir='ltr'>bona</span> <span class='ocrx_word' id='word_1_161' title='bbox 719 3308 807 3384; x_wconf 74' lang='lat' dir='ltr'>guiza</span> 
     </span>
    </p>

    <p class='ocr_par' dir='ltr' id='par_1_23' title="bbox 431 3391 781 3468">
     <span class='ocr_line' id='line_1_33' title="bbox 431 3391 781 3468; baseline 0.009 -21"><span class='ocrx_word' id='word_1_162' title='bbox 431 3409 448 3447; x_wconf 86' lang='lat' dir='ltr'>e</span> <span class='ocrx_word' id='word_1_163' title='bbox 463 3409 497 3448; x_wconf 81' lang='lat' dir='ltr'>sa</span> <span class='ocrx_word' id='word_1_164' title='bbox 511 3391 583 3448; x_wconf 77' lang='lat' dir='ltr'>bona</span> <span class='ocrx_word' id='word_1_165' title='bbox 596 3399 666 3468; x_wconf 83' lang='lat' dir='ltr'><strong>gent</strong></span> <span class='ocrx_word' id='word_1_166' title='bbox 680 3393 781 3468; x_wconf 82' lang='lat' dir='ltr'><strong>apriza</strong></span> 
     </span>
    </p>

    <p class='ocr_par' dir='ltr' id='par_1_24' title="bbox 430 3476 874 3637">
     <span class='ocr_line' id='line_1_34' title="bbox 431 3476 813 3554; baseline 0.008 -22"><span class='ocrx_word' id='word_1_167' title='bbox 431 3495 468 3533; x_wconf 89' lang='lat' dir='ltr'>en</span> <span class='ocrx_word' id='word_1_168' title='bbox 482 3476 581 3552; x_wconf 80' lang='lat' dir='ltr'><strong>parlar</strong></span> <span class='ocrx_word' id='word_1_169' title='bbox 594 3477 716 3552; x_wconf 82' lang='lat' dir='ltr'><strong>paraula</strong></span> <span class='ocrx_word' id='word_1_170' title='bbox 730 3479 813 3554; x_wconf 75' lang='lat' dir='ltr'><strong>gaja,</strong></span> 
     </span>
     <span class='ocr_line' id='line_1_35' title="bbox 430 3557 874 3637; baseline 0.005 -18"><span class='ocrx_word' id='word_1_171' title='bbox 430 3579 481 3621; x_wconf 75' lang='lat' dir='ltr'>vas</span> <span class='ocrx_word' id='word_1_172' title='bbox 496 3562 553 3620; x_wconf 91' lang='lat' dir='ltr'>bon</span> <span class='ocrx_word' id='word_1_173' title='bbox 567 3569 649 3636; x_wconf 81' lang='lat' dir='ltr'><strong>pretz</strong></span> <span class='ocrx_word' id='word_1_174' title='bbox 664 3557 714 3618; x_wconf 86' lang='lat' dir='ltr'>fin&#39;</span> <span class='ocrx_word' id='word_1_175' title='bbox 730 3581 746 3620; x_wconf 84' lang='lat' dir='ltr'>e</span> <span class='ocrx_word' id='word_1_176' title='bbox 761 3565 874 3637; x_wconf 80' lang='lat' dir='ltr'><strong>veraja,</strong></span> 
     </span>
    </p>
   </div>
   <div class='ocr_carea' id='block_1_9' title="bbox 0 0 1264 4216">
    <p class='ocr_par' dir='ltr' id='par_1_25' title="bbox 0 0 1264 4216">
     <span class='ocr_line' id='line_1_36' title="bbox 0 0 1264 4216; baseline 0 0"><span class='ocrx_word' id='word_1_177' title='bbox 0 0 1264 4216; x_wconf 95' lang='lat' dir='ltr'> </span> 
     </span>
    </p>
   </div>
  </div>
 </body>
</html>
