2520 4216
681 237 714 290 24

393 413 457 452 cum
471 394 559 454 l’aurs
575 415 611 454 en
626 395 735 455 l'arden
752 400 853 458 carbo:

393 499 409 536 e
424 499 497 558 quar
510 501 573 540 mos
588 500 672 558 prees
689 482 711 540 li
727 501 781 559 sap
796 484 847 556 bo,

391 567 458 624 bem
472 586 526 642 par
540 568 608 642 quel
623 567 718 644 segles
733 587 765 626 es
780 587 862 628 meus

393 670 409 708 e
424 652 492 726 quel
506 651 565 710 reis
580 659 631 709 ten
646 653 683 710 de
698 653 738 710 mi
752 653 826 712 feus.

391 819 439 878 De
453 821 492 878 fin
505 822 549 895 joi
564 822 609 880 sui
624 831 758 884 coronatz

392 909 477 966 sobre
491 914 535 964 tot
549 908 727 983 emperador,

392 1008 464 1064 quar
478 992 514 1048 de
528 992 599 1049 filha
614 993 650 1050 de
665 1001 775 1050 comtor

391 1095 437 1133 me
452 1077 497 1134 sui
512 1084 576 1134 tant
590 1086 772 1150 euamoratz,

392 1169 421 1218 et
435 1160 464 1218 ai
479 1162 553 1220 mais
567 1159 634 1218 d'un
649 1181 724 1238 pauc
739 1165 824 1222 cordo

391 1263 446 1320 que
463 1265 502 1302 na
515 1246 728 1305 Raimbaudam
743 1249 794 1319 do,

391 1331 458 1406 quel
474 1331 531 1390 reis
546 1331 686 1390 Richartz
701 1334 738 1390 ab
753 1334 872 1394 Peiteus

390 1415 422 1471 ni
436 1418 473 1474 ab
489 1414 565 1474 Tors
581 1417 612 1472 ni
623 1419 664 1501 'ab
678 1420 806 1496 Angeus.

389 1586 416 1643 E
431 1585 457 1644 si
472 1592 515 1642 tot
529 1586 578 1661 lop
592 1584 793 1664 m’appellatz,

389 1690 426 1727 no
442 1667 496 1727 m'o
512 1672 583 1727 tenh
598 1690 616 1728 a
630 1673 767 1750 dezonor,
832 1671 835 1678 '

388 1754 420 1814 ni
435 1757 490 1814 sim
506 1756 605 1815 cridan
619 1757 642 1814 li
656 1766 757 1833 pastor

388 1840 822 1917 mmfflfflmffiw

389 1933 480 1982 etam
495 1925 569 1984 mais
584 1929 655 1986 bose
672 1947 688 1986 e
703 1928 800 1987 boisso

388 2029 427 2067 no
441 2011 508 2068 fauo
521 2012 629 2087 palaitz
646 2013 678 2070 ni
692 2013 801 2089 maizo,

389 2101 419 2151 et
433 2096 470 2153 ab
482 2096 525 2169 joi
539 2096 562 2153 li
577 2115 610 2154 er
622 2115 685 2156 mos
702 2105 781 2155 treus

389 2188 471 2237 entre
486 2181 534 2258 gel
548 2200 564 2238 e
580 2189 647 2239 vent
662 2202 678 2240 e
692 2202 774 2242 neus.

387 2347 434 2406 La
446 2347 531 2408 Loba
545 2349 605 2408 ditz
620 2370 676 2425 que
692 2370 759 2412 seua
775 2371 822 2422 so,

388 2441 417 2490 et
432 2429 478 2490 an’
495 2436 531 2493 be
546 2435 617 2514 dreg
632 2456 648 2494 e
662 2456 743 2507 razo,

388 2535 459 2595 que,
473 2538 527 2595 per
540 2539 587 2576 ma
601 2520 644 2591 fe,
659 2523 754 2580 melhs
769 2521 814 2582 sui
831 2540 901 2581 seus

388 2622 444 2681 que
458 2624 496 2662 no
512 2605 557 2664 sui
572 2601 696 2664 d'autrui
711 2607 742 2664 ni
757 2625 849 2666 meus.

387 2773 458 2832 Bels
475 2771 635 2845 Sembelis‚
651 2783 717 2833 saut
733 2795 748 2832 e
764 2795 796 2834 so

387 2877 433 2915 am
450 2878 502 2934 per
516 2878 567 2918 vos
584 2879 600 2916 e
616 2860 701 2930 talio,

388 2963 403 3000 e
418 2962 491 3017 quar
505 2944 535 3001 la
550 2944 655 3002 vistam
669 2945 698 3002 fo
713 2946 814 3015 breus,

388 3047 423 3084 en
440 3029 484 3086 sui
500 3029 545 3087 sai
559 3031 678 3088 marritz
693 3048 709 3088 e
723 3048 820 3108 greus.

667 3285 715 3342 10.

385 3435 448 3510 Per
462 3467 509 3509 ces
524 3451 570 3508 dei
587 3471 645 3509 una
659 3454 768 3510 chanao

385 3534 414 3592 al
430 3542 524 3594 cortes
539 3536 581 3594 rei
596 3535 735 3615 d'Arago,
