2520 4216
687 252 720 304 28

603 328 805 338 ——-.-—..-.

400 433 417 472 e
431 414 468 471 de
481 413 647 472 Monrozier
662 414 741 472 color

401 519 417 557 e
432 517 465 557 sa
477 495 583 558 cambr'
595 517 628 558 es
640 500 803 558 deValflor.

399 670 454 729 Mil
469 677 535 727 tans
551 687 582 726 es
597 668 713 728 doblatz
729 689 777 728 sos
791 671 843 729 bes

400 755 467 831 quel
483 763 577 812 comte
591 754 627 811 de
642 751 823 829 l'escaquier‚

401 837 479 917 qu’al
493 858 545 898 seu
559 840 599 896 fin
615 848 696 915 pretz
712 839 858 898 vertadier

400 945 437 983 no
453 924 572 982 sofranh
587 943 702 1002 neguna
717 944 773 983 res.

400 1029 454 1086 pos
469 1007 635 1083 m‘autrejet
649 1029 696 1069 ses
711 1011 857 1084 bistensa,

400 1092 457 1152 m’a
471 1102 572 1171 tengut
586 1096 626 1152 lai
641 1114 677 1151 en
691 1096 836 1164 Proensa,

401 1199 474 1255 quar
489 1181 534 1238 sai
550 1199 601 1237 son
619 1199 654 1237 en
671 1180 745 1238 mais
758 1178 858 1238 d'onor

401 1285 417 1322 e
432 1266 489 1322 deu
503 1283 566 1322 som
580 1261 661 1340 penr’
678 1266 707 1322 al
722 1265 843 1323 melhor.

400 1436 427 1492 E
443 1434 470 1491 si
483 1452 546 1491 mos
561 1433 680 1492 Fraires
696 1436 801 1496 saubes

401 1538 486 1595 quem
502 1526 564 1576 rete
579 1539 631 1595 per
646 1520 809 1590 soudadier,

400 1605 450 1662 nol
465 1612 585 1681 tengran
602 1607 684 1678 bojas
700 1603 814 1674 d'acier,

401 1707 457 1764 que
472 1709 556 1748 vezer
570 1709 607 1749 no
622 1690 653 1748 la
668 1691 795 1767 volgues.

401 1795 418 1832 e
433 1777 548 1833 trobera
563 1793 611 1832 ses
625 1775 760 1833 falhensa

401 1862 473 1918 dous
488 1859 554 1936 frug
568 1857 705 1918 d'onrada
719 1878 854 1918 semensa

402 1965 418 2003 e
433 1952 495 2002 cort
509 1945 545 2001 de
560 1946 645 2003 valen
660 1947 767 2004 senhor

401 2031 438 2088 ab
454 2049 493 2086 un
508 2029 614 2087 avinen
629 2031 753 2088 trachor.

637 2287 684 2344 13.

401 2438 464 2513 Poe
481 2460 594 2512 tornatz
609 2455 654 2513 sui
670 2475 706 2512 en
721 2457 853 2514 Proensa

403 2545 432 2597 et
447 2559 466 2596 a
480 2556 528 2596 ma
542 2539 648 2596 domna
662 2559 716 2616 sap
731 2541 782 2610 bo,

402 2625 459 2682 ben
474 2624 521 2680 dei
535 2623 582 2682 far
594 2627 662 2701 gaja
677 2626 800 2694 ohanso,

403 2709 492 2768 sivals
507 2728 560 2785 per
574 2710 808 2768 reconoissensa:

403 2793 488 2870 qu'ab
504 2794 597 2852 servir
612 2803 641 2851 et
656 2796 692 2853 ab
708 2796 816 2853 honrar

403 2879 542 2954 conquier
554 2880 623 2937 hom
638 2879 674 2937 de
689 2881 752 2946 bon,
762 2880 869 2937 senhor

403 2964 460 3022 don
477 2963 619 3023 ebenfait
634 2973 663 3022 et
677 2965 779 3033 honor,

403 3049 453 3123 qui
468 3049 513 3106 bel
531 3067 584 3124 sap
599 3056 683 3107 tener
697 3068 733 3106 en
748 3069 810 3106 oar:

403 3151 457 3208 per
470 3131 556 3210 qu’eu
570 3132 645 3192 m’en
660 3134 707 3192 dei
723 3134 860 3192 esforsar.

405 3299 459 3362 Ses
474 3311 576 3378 peccat
590 3304 652 3380 pris
667 3304 837 3380 penedensa

404 3407 421 3444 e
436 3405 484 3446 ses
500 3395 559 3445 tort
572 3389 627 3445 fait
641 3391 707 3464 quis
722 3389 811 3464 perdo

404 3492 420 3530 e
435 3473 506 3530 trais
523 3472 559 3529 de
573 3473 642 3530 nien
657 3474 764 3550 gendo

404 3565 434 3616 et
447 3559 476 3616 ai
490 3554 564 3616 d'ira
578 3559 734 3618 bevolensa
