<?xml version="1.0" encoding="UTF-8"?>
<!DOCTYPE html PUBLIC "-//W3C//DTD XHTML 1.0 Transitional//EN"
    "http://www.w3.org/TR/xhtml1/DTD/xhtml1-transitional.dtd">
<html xmlns="http://www.w3.org/1999/xhtml" xml:lang="en" lang="en">
 <head>
  <title>
</title>
<meta http-equiv="Content-Type" content="text/html;charset=utf-8" />
  <meta name='ocr-system' content='tesseract 3.04.00' />
  <meta name='ocr-capabilities' content='ocr_page ocr_carea ocr_par ocr_line ocrx_word'/>
</head>
<body>
  <div class='ocr_page' id='page_1' title='image "./lieder00bartgoog_0168.png"; bbox 0 0 2520 4216; ppageno 0'>
   <div class='ocr_carea' id='block_1_1' title="bbox 720 243 754 293">
    <p class='ocr_par' dir='ltr' id='par_1_1' title="bbox 720 243 754 293">
     <span class='ocr_line' id='line_1_1' title="bbox 720 243 754 293; baseline 0 0"><span class='ocrx_word' id='word_1_1' title='bbox 720 243 754 293; x_wconf 76' lang='lat'><strong>40</strong></span> 
     </span>
    </p>
   </div>
   <div class='ocr_carea' id='block_1_2' title="bbox 432 387 946 1250">
    <p class='ocr_par' dir='ltr' id='par_1_2' title="bbox 432 387 900 479">
     <span class='ocr_line' id='line_1_2' title="bbox 432 387 900 479; baseline -0.013 -14"><span class='ocrx_word' id='word_1_2' title='bbox 432 387 557 474; x_wconf 72' lang='lat' dir='ltr'><strong>Tant&#39;es</strong></span> <span class='ocrx_word' id='word_1_3' title='bbox 571 405 678 464; x_wconf 77' lang='lat' dir='ltr'>doussa</span> <span class='ocrx_word' id='word_1_4' title='bbox 691 422 744 479; x_wconf 82' lang='lat' dir='ltr'><strong>per</strong></span> <span class='ocrx_word' id='word_1_5' title='bbox 757 421 839 460; x_wconf 79' lang='lat' dir='ltr'>amar</span> <span class='ocrx_word' id='word_1_6' title='bbox 897 439 900 442; x_wconf 95' lang='lat'>-</span> 
     </span>
    </p>

    <p class='ocr_par' dir='ltr' id='par_1_3' title="bbox 433 491 732 569">
     <span class='ocr_line' id='line_1_3' title="bbox 433 491 732 569; baseline -0.017 -19"><span class='ocrx_word' id='word_1_7' title='bbox 433 514 449 551; x_wconf 84' lang='lat' dir='ltr'>e</span> <span class='ocrx_word' id='word_1_8' title='bbox 465 493 530 550; x_wconf 85' lang='lat' dir='ltr'>bela</span> <span class='ocrx_word' id='word_1_9' title='bbox 545 511 597 569; x_wconf 83' lang='lat' dir='ltr'><strong>per</strong></span> <span class='ocrx_word' id='word_1_10' title='bbox 611 491 732 548; x_wconf 82' lang='lat' dir='ltr'><strong>remirar</strong></span> 
     </span>
    </p>

    <p class='ocr_par' dir='ltr' id='par_1_4' title="bbox 434 566 802 642">
     <span class='ocr_line' id='line_1_4' title="bbox 434 566 802 642; baseline -0.019 -6"><span class='ocrx_word' id='word_1_11' title='bbox 434 599 450 636; x_wconf 88' lang='lat' dir='ltr'><strong>e</strong></span> <span class='ocrx_word' id='word_1_12' title='bbox 465 571 570 636; x_wconf 82' lang='lat' dir='ltr'>eortez’</span> <span class='ocrx_word' id='word_1_13' title='bbox 588 596 604 634; x_wconf 86' lang='lat' dir='ltr'><strong>e</strong></span> <span class='ocrx_word' id='word_1_14' title='bbox 619 566 802 642; x_wconf 74' lang='lat' dir='ltr'>o&#39;onoissens,</span> 
     </span>
    </p>

    <p class='ocr_par' dir='ltr' id='par_1_5' title="bbox 433 656 874 739">
     <span class='ocr_line' id='line_1_5' title="bbox 433 656 874 739; baseline -0.011 -18"><span class='ocrx_word' id='word_1_15' title='bbox 433 665 459 722; x_wconf 81' lang='lat' dir='ltr'><strong>si</strong></span> <span class='ocrx_word' id='word_1_16' title='bbox 474 656 570 739; x_wconf 83' lang='lat' dir='ltr'>qu’als</span> <span class='ocrx_word' id='word_1_17' title='bbox 585 679 653 738; x_wconf 85' lang='lat' dir='ltr'>pros</span> <span class='ocrx_word' id='word_1_18' title='bbox 669 659 699 718; x_wconf 75' lang='lat' dir='ltr'><strong>et</strong></span> <span class='ocrx_word' id='word_1_19' title='bbox 712 659 758 716; x_wconf 80' lang='lat' dir='ltr'><strong>als</strong></span> <span class='ocrx_word' id='word_1_20' title='bbox 773 658 874 716; x_wconf 79' lang='lat' dir='ltr'><strong>valens</strong></span> 
     </span>
    </p>

    <p class='ocr_par' dir='ltr' id='par_1_6' title="bbox 433 747 662 824">
     <span class='ocr_line' id='line_1_6' title="bbox 433 747 662 824; baseline -0.022 -16"><span class='ocrx_word' id='word_1_21' title='bbox 433 749 469 808; x_wconf 87' lang='lat' dir='ltr'><strong>de</strong></span> <span class='ocrx_word' id='word_1_22' title='bbox 485 749 550 806; x_wconf 85' lang='lat' dir='ltr'>bela</span> <span class='ocrx_word' id='word_1_23' title='bbox 565 747 662 824; x_wconf 81' lang='lat' dir='ltr'>paria,</span> 
     </span>
    </p>

    <p class='ocr_par' dir='ltr' id='par_1_7' title="bbox 434 831 702 910">
     <span class='ocr_line' id='line_1_7' title="bbox 434 831 702 910; baseline -0.022 -17"><span class='ocrx_word' id='word_1_24' title='bbox 434 853 490 910; x_wconf 85' lang='lat' dir='ltr'><strong>que</strong></span> <span class='ocrx_word' id='word_1_25' title='bbox 507 835 532 892; x_wconf 82' lang='lat' dir='ltr'><strong>si</strong></span> <span class='ocrx_word' id='word_1_26' title='bbox 547 853 597 890; x_wconf 86' lang='lat' dir='ltr'><strong>ver</strong></span> <span class='ocrx_word' id='word_1_27' title='bbox 612 831 702 899; x_wconf 78' lang='lat' dir='ltr'>dizia,</span> 
     </span>
    </p>

    <p class='ocr_par' dir='ltr' id='par_1_8' title="bbox 434 915 795 990">
     <span class='ocr_line' id='line_1_8' title="bbox 434 915 795 990; baseline -0.022 -13"><span class='ocrx_word' id='word_1_28' title='bbox 434 920 463 977; x_wconf 87' lang='lat' dir='ltr'><strong>el</strong></span> <span class='ocrx_word' id='word_1_29' title='bbox 478 938 545 977; x_wconf 89' lang='lat' dir='ltr'><strong>mon</strong></span> <span class='ocrx_word' id='word_1_30' title='bbox 560 937 619 976; x_wconf 90' lang='lat' dir='ltr'><strong>non</strong></span> <span class='ocrx_word' id='word_1_31' title='bbox 633 915 715 974; x_wconf 83' lang='lat' dir='ltr'>au&#39;ria</span> <span class='ocrx_word' id='word_1_32' title='bbox 729 933 795 990; x_wconf 75' lang='lat' dir='ltr'><strong>par:</strong></span> 
     </span>
    </p>

    <p class='ocr_par' dir='ltr' id='par_1_9' title="bbox 435 996 946 1250">
     <span class='ocr_line' id='line_1_9' title="bbox 436 996 946 1068; baseline -0.014 -5"><span class='ocrx_word' id='word_1_33' title='bbox 436 1024 498 1063; x_wconf 85' lang='lat' dir='ltr'><strong>mas</strong></span> <span class='ocrx_word' id='word_1_34' title='bbox 512 1003 598 1061; x_wconf 81' lang='lat' dir='ltr'><strong>fraitz</strong></span> <span class='ocrx_word' id='word_1_35' title='bbox 613 996 672 1060; x_wconf 81' lang='lat' dir='ltr'><strong>m&#39;a</strong></span> <span class='ocrx_word' id='word_1_36' title='bbox 686 1000 743 1058; x_wconf 84' lang='lat' dir='ltr'>tals</span> <span class='ocrx_word' id='word_1_37' title='bbox 759 999 812 1056; x_wconf 87' lang='lat' dir='ltr'><strong>mil</strong></span> <span class='ocrx_word' id='word_1_38' title='bbox 826 1015 946 1068; x_wconf 81' lang='lat' dir='ltr'>covens,</span> 
     </span>
     <span class='ocr_line' id='line_1_10' title="bbox 435 1083 886 1166; baseline -0.018 -19"><span class='ocrx_word' id='word_1_39' title='bbox 435 1109 506 1166; x_wconf 88' lang='lat' dir='ltr'>que,</span> <span class='ocrx_word' id='word_1_40' title='bbox 523 1084 588 1147; x_wconf 76' lang='lat' dir='ltr'>s&#39;un</span> <span class='ocrx_word' id='word_1_41' title='bbox 604 1087 649 1144; x_wconf 84' lang='lat' dir='ltr'><strong>sol</strong></span> <span class='ocrx_word' id='word_1_42' title='bbox 663 1085 739 1142; x_wconf 88' lang='lat' dir='ltr'><strong>m’en</strong></span> <span class='ocrx_word' id='word_1_43' title='bbox 755 1083 886 1153; x_wconf 77' lang='lat' dir='ltr'>atendia,</span> 
     </span>
     <span class='ocr_line' id='line_1_11' title="bbox 437 1167 794 1250; baseline -0.022 -17"><span class='ocrx_word' id='word_1_44' title='bbox 437 1183 528 1234; x_wconf 82' lang='lat' dir='ltr'>estort</span> <span class='ocrx_word' id='word_1_45' title='bbox 544 1193 559 1231; x_wconf 89' lang='lat' dir='ltr'>e</span> <span class='ocrx_word' id='word_1_46' title='bbox 574 1172 650 1250; x_wconf 83' lang='lat' dir='ltr'>garit</span> <span class='ocrx_word' id='word_1_47' title='bbox 665 1167 794 1228; x_wconf 82' lang='lat' dir='ltr'><strong>m&#39;auria.</strong></span> 
     </span>
    </p>
   </div>
   <div class='ocr_carea' id='block_1_3' title="bbox 436 1341 844 1487">
    <p class='ocr_par' dir='ltr' id='par_1_10' title="bbox 436 1341 844 1487">
     <span class='ocr_line' id='line_1_12' title="bbox 436 1341 844 1417; baseline -0.022 -13"><span class='ocrx_word' id='word_1_48' title='bbox 436 1343 485 1403; x_wconf 80' lang='lat' dir='ltr'><strong>Na</strong></span> <span class='ocrx_word' id='word_1_49' title='bbox 495 1343 618 1417; x_wconf 83' lang='lat' dir='ltr'><strong>Vierna,</strong></span> <span class='ocrx_word' id='word_1_50' title='bbox 634 1359 698 1398; x_wconf 79' lang='lat' dir='ltr'><strong>cum</strong></span> <span class='ocrx_word' id='word_1_51' title='bbox 714 1358 770 1414; x_wconf 85' lang='lat' dir='ltr'><strong>que</strong></span> <span class='ocrx_word' id='word_1_52' title='bbox 785 1341 844 1408; x_wconf 86' lang='lat' dir='ltr'>sia,</span> 
     </span>
     <span class='ocr_line' id='line_1_13' title="bbox 439 1425 809 1487; baseline -0.014 0"><span class='ocrx_word' id='word_1_53' title='bbox 439 1448 474 1487; x_wconf 90' lang='lat' dir='ltr'><strong>eu</strong></span> <span class='ocrx_word' id='word_1_54' title='bbox 490 1429 535 1487; x_wconf 81' lang='lat' dir='ltr'><strong>sui</strong></span> <span class='ocrx_word' id='word_1_55' title='bbox 550 1436 662 1486; x_wconf 83' lang='lat' dir='ltr'>vostres</span> <span class='ocrx_word' id='word_1_56' title='bbox 678 1434 740 1484; x_wconf 82' lang='lat' dir='ltr'><strong>tota</strong></span> <span class='ocrx_word' id='word_1_57' title='bbox 753 1425 809 1482; x_wconf 85' lang='lat' dir='ltr'><strong>via.</strong></span> 
     </span>
    </p>
   </div>
   <div class='ocr_carea' id='block_1_4' title="bbox 720 1629 768 1688">
    <p class='ocr_par' dir='ltr' id='par_1_11' title="bbox 720 1629 768 1688">
     <span class='ocr_line' id='line_1_14' title="bbox 720 1629 768 1688; baseline -0.063 1"><span class='ocrx_word' id='word_1_58' title='bbox 720 1629 768 1688; x_wconf 77' lang='lat'><strong>20.</strong></span> 
     </span>
    </p>
   </div>
   <div class='ocr_carea' id='block_1_5' title="bbox 440 1757 997 2445">
    <p class='ocr_par' dir='ltr' id='par_1_12' title="bbox 440 1757 997 2007">
     <span class='ocr_line' id='line_1_15' title="bbox 440 1757 937 1846; baseline -0.02 -17"><span class='ocrx_word' id='word_1_59' title='bbox 440 1757 504 1830; x_wconf 79' lang='lat' dir='ltr'><strong>Tan</strong></span> <span class='ocrx_word' id='word_1_60' title='bbox 519 1769 559 1828; x_wconf 89' lang='lat' dir='ltr'><strong>mi</strong></span> <span class='ocrx_word' id='word_1_61' title='bbox 574 1770 655 1846; x_wconf 82' lang='lat' dir='ltr'>platz</span> <span class='ocrx_word' id='word_1_62' title='bbox 739 1766 797 1840; x_wconf 82' lang='lat' dir='ltr'>J&#39;ois</span> <span class='ocrx_word' id='word_1_63' title='bbox 813 1764 937 1822; x_wconf 77' lang='lat' dir='ltr'><strong>esulatz</strong></span> 
     </span>
     <span class='ocr_line' id='line_1_16' title="bbox 441 1846 997 1927; baseline -0.02 -12"><span class='ocrx_word' id='word_1_64' title='bbox 441 1851 551 1916; x_wconf 84' lang='lat' dir='ltr'><strong>d&#39;omes</strong></span> <span class='ocrx_word' id='word_1_65' title='bbox 567 1860 683 1922; x_wconf 82' lang='lat' dir='ltr'>onratz,</span> <span class='ocrx_word' id='word_1_66' title='bbox 770 1869 823 1927; x_wconf 82' lang='lat' dir='ltr'><strong>per</strong></span> <span class='ocrx_word' id='word_1_67' title='bbox 838 1846 922 1924; x_wconf 84' lang='lat' dir='ltr'>qu’eu</span> <span class='ocrx_word' id='word_1_68' title='bbox 936 1847 997 1905; x_wconf 75' lang='lat' dir='ltr'><strong>fatz&#39;</strong></span> 
     </span>
     <span class='ocr_line' id='line_1_17' title="bbox 440 1939 713 2007; baseline -0.026 -7"><span class='ocrx_word' id='word_1_69' title='bbox 440 1941 481 1999; x_wconf 82' lang='lat' dir='ltr'><strong>ta]</strong></span> <span class='ocrx_word' id='word_1_70' title='bbox 498 1943 606 1998; x_wconf 82' lang='lat' dir='ltr'>chanso</span> <span class='ocrx_word' id='word_1_71' title='bbox 621 1939 713 2007; x_wconf 84' lang='lat' dir='ltr'><strong>viatz,</strong></span> 
     </span>
    </p>

    <p class='ocr_par' dir='ltr' id='par_1_13' title="bbox 441 2019 969 2170">
     <span class='ocr_line' id='line_1_18' title="bbox 441 2019 969 2100; baseline -0.017 -15"><span class='ocrx_word' id='word_1_72' title='bbox 441 2029 493 2086; x_wconf 85' lang='lat' dir='ltr'><strong>bos</strong></span> <span class='ocrx_word' id='word_1_73' title='bbox 509 2025 582 2095; x_wconf 84' lang='lat' dir='ltr'>reis,</span> <span class='ocrx_word' id='word_1_74' title='bbox 598 2043 654 2100; x_wconf 89' lang='lat' dir='ltr'><strong>que</strong></span> <span class='ocrx_word' id='word_1_75' title='bbox 668 2039 737 2098; x_wconf 82' lang='lat' dir='ltr'><strong>pree</strong></span> <span class='ocrx_word' id='word_1_76' title='bbox 751 2019 969 2097; x_wconf 75' lang='lat' dir='ltr'>qu’aprendatz.</span> 
     </span>
     <span class='ocr_line' id='line_1_19' title="bbox 441 2109 716 2170; baseline -0.025 0"><span class='ocrx_word' id='word_1_77' title='bbox 441 2111 527 2170; x_wconf 82' lang='lat' dir='ltr'>esim</span> <span class='ocrx_word' id='word_1_78' title='bbox 543 2109 716 2167; x_wconf 83' lang='lat' dir='ltr'><strong>demandatz</strong></span> 
     </span>
    </p>

    <p class='ocr_par' dir='ltr' id='par_1_14' title="bbox 441 2187 920 2270">
     <span class='ocr_line' id='line_1_20' title="bbox 441 2187 920 2270; baseline -0.019 -16"><span class='ocrx_word' id='word_1_79' title='bbox 441 2206 492 2255; x_wconf 84' lang='lat' dir='ltr'><strong>tan</strong></span> <span class='ocrx_word' id='word_1_80' title='bbox 507 2204 611 2256; x_wconf 67' lang='lat' dir='ltr'>savem:</span> <span class='ocrx_word' id='word_1_81' title='bbox 627 2213 680 2270; x_wconf 90' lang='lat' dir='ltr'><strong>per</strong></span> <span class='ocrx_word' id='word_1_82' title='bbox 694 2211 751 2268; x_wconf 83' lang='lat' dir='ltr'><strong>que</strong></span> <span class='ocrx_word' id='word_1_83' title='bbox 766 2187 920 2248; x_wconf 76' lang='lat' dir='ltr'>chantatz?</span> 
     </span>
    </p>

    <p class='ocr_par' dir='ltr' id='par_1_15' title="bbox 443 2277 851 2340">
     <span class='ocr_line' id='line_1_21' title="bbox 443 2277 851 2340; baseline -0.017 -1"><span class='ocrx_word' id='word_1_84' title='bbox 443 2300 492 2340; x_wconf 79' lang='lat' dir='ltr'><strong>car</strong></span> <span class='ocrx_word' id='word_1_85' title='bbox 507 2301 538 2340; x_wconf 87' lang='lat' dir='ltr'><strong>es</strong></span> <span class='ocrx_word' id='word_1_86' title='bbox 554 2280 650 2338; x_wconf 84' lang='lat' dir='ltr'><strong>enoitz</strong></span> <span class='ocrx_word' id='word_1_87' title='bbox 665 2278 710 2335; x_wconf 81' lang='lat' dir='ltr'><strong>als</strong></span> <span class='ocrx_word' id='word_1_88' title='bbox 725 2277 851 2334; x_wconf 82' lang='lat' dir='ltr'><strong>malvatz</strong></span> 
     </span>
    </p>

    <p class='ocr_par' dir='ltr' id='par_1_16' title="bbox 443 2369 827 2445">
     <span class='ocr_line' id='line_1_22' title="bbox 443 2369 827 2445; baseline -0.016 -19"><span class='ocrx_word' id='word_1_89' title='bbox 443 2388 460 2426; x_wconf 82' lang='lat' dir='ltr'>e</span> <span class='ocrx_word' id='word_1_90' title='bbox 473 2386 565 2445; x_wconf 84' lang='lat' dir='ltr'>gaugz</span> <span class='ocrx_word' id='word_1_91' title='bbox 581 2382 666 2422; x_wconf 82' lang='lat' dir='ltr'><strong>anos</strong></span> <span class='ocrx_word' id='word_1_92' title='bbox 682 2369 827 2420; x_wconf 80' lang='lat' dir='ltr'>envezatz.</span> 
     </span>
    </p>
   </div>
   <div class='ocr_carea' id='block_1_6' title="bbox 443 2531 1062 2614">
    <p class='ocr_par' dir='ltr' id='par_1_17' title="bbox 443 2531 1062 2614">
     <span class='ocr_line' id='line_1_23' title="bbox 443 2531 1062 2614; baseline -0.029 -16"><span class='ocrx_word' id='word_1_93' title='bbox 443 2539 470 2597; x_wconf 85' lang='lat' dir='ltr'><strong>E</strong></span> <span class='ocrx_word' id='word_1_94' title='bbox 486 2538 641 2614; x_wconf 82' lang='lat' dir='ltr'><strong>sapchatz,</strong></span> <span class='ocrx_word' id='word_1_95' title='bbox 729 2533 792 2591; x_wconf 81' lang='lat' dir='ltr'>s’eu</span> <span class='ocrx_word' id='word_1_96' title='bbox 805 2531 851 2589; x_wconf 81' lang='lat' dir='ltr'><strong>fos</strong></span> <span class='ocrx_word' id='word_1_97' title='bbox 865 2533 979 2600; x_wconf 55' lang='lat' dir='ltr'><strong>amatr,</strong></span> <span class='ocrx_word' id='word_1_98' title='bbox 1060 2561 1062 2568; x_wconf 69' lang='lat'><em>,</em></span> 
     </span>
    </p>
   </div>
   <div class='ocr_carea' id='block_1_7' title="bbox 353 2620 902 2699">
    <p class='ocr_par' dir='ltr' id='par_1_18' title="bbox 353 2620 902 2699">
     <span class='ocr_line' id='line_1_24' title="bbox 353 2620 902 2699; baseline -0.02 -16"><span class='ocrx_word' id='word_1_99' title='bbox 353 2628 355 2634; x_wconf 83' lang='lat'>&#39;</span> <span class='ocrx_word' id='word_1_100' title='bbox 444 2642 500 2699; x_wconf 85' lang='lat' dir='ltr'><strong>que</strong></span> <span class='ocrx_word' id='word_1_101' title='bbox 515 2620 673 2680; x_wconf 80' lang='lat' dir='ltr'><strong>n&#39;auziratz</strong></span> <span class='ocrx_word' id='word_1_102' title='bbox 760 2623 902 2675; x_wconf 78' lang='lat' dir='ltr'><strong>esmeratz</strong></span> 
     </span>
    </p>
   </div>
   <div class='ocr_carea' id='block_1_8' title="bbox 407 2711 890 3206">
    <p class='ocr_par' dir='ltr' id='par_1_19' title="bbox 445 2711 755 2786">
     <span class='ocr_line' id='line_1_25' title="bbox 445 2711 755 2786; baseline -0.023 -19"><span class='ocrx_word' id='word_1_103' title='bbox 445 2711 613 2767; x_wconf 77' lang='lat' dir='ltr'><strong>ehantaretz</strong></span> <span class='ocrx_word' id='word_1_104' title='bbox 627 2711 755 2786; x_wconf 83' lang='lat' dir='ltr'><strong>prezatz.</strong></span> 
     </span>
    </p>

    <p class='ocr_par' dir='ltr' id='par_1_20' title="bbox 407 2789 882 2937">
     <span class='ocr_line' id='line_1_26' title="bbox 445 2789 882 2871; baseline -0.023 -18"><span class='ocrx_word' id='word_1_105' title='bbox 445 2791 545 2871; x_wconf 81' lang='lat' dir='ltr'>qu’era</span> <span class='ocrx_word' id='word_1_106' title='bbox 559 2811 615 2868; x_wconf 86' lang='lat' dir='ltr'><strong>que</strong></span> <span class='ocrx_word' id='word_1_107' title='bbox 630 2791 677 2849; x_wconf 86' lang='lat' dir='ltr'><strong>sui</strong></span> <span class='ocrx_word' id='word_1_108' title='bbox 691 2789 882 2856; x_wconf 81' lang='lat' dir='ltr'><strong>malmenatz,</strong></span> 
     </span>
     <span class='ocr_line' id='line_1_27' title="bbox 407 2876 709 2937; baseline -0.02 0"><span class='ocrx_word' id='word_1_109' title='bbox 407 2891 409 2896; x_wconf 88' lang='grc'><strong>’</strong></span> <span class='ocrx_word' id='word_1_110' title='bbox 444 2879 503 2937; x_wconf 80' lang='lat' dir='ltr'><strong>fatz</strong></span> <span class='ocrx_word' id='word_1_111' title='bbox 518 2876 709 2936; x_wconf 71' lang='lat' dir='ltr'><strong>meravilhatz</strong></span> 
     </span>
    </p>

    <p class='ocr_par' dir='ltr' id='par_1_21' title="bbox 446 2957 889 3108">
     <span class='ocr_line' id='line_1_28' title="bbox 446 2957 889 3026; baseline -0.02 -4"><span class='ocrx_word' id='word_1_112' title='bbox 446 2971 523 3023; x_wconf 88' lang='lat' dir='ltr'><strong>motz</strong></span> <span class='ocrx_word' id='word_1_113' title='bbox 538 2964 575 3022; x_wconf 83' lang='lat' dir='ltr'><strong>ab</strong></span> <span class='ocrx_word' id='word_1_114' title='bbox 590 2981 624 3021; x_wconf 88' lang='lat' dir='ltr'><strong>us</strong></span> <span class='ocrx_word' id='word_1_115' title='bbox 639 2967 740 3019; x_wconf 79' lang='lat' dir='ltr'>sonetz</span> <span class='ocrx_word' id='word_1_116' title='bbox 755 2957 889 3026; x_wconf 76' lang='lat' dir='ltr'>dauratz,</span> 
     </span>
     <span class='ocr_line' id='line_1_29' title="bbox 447 3045 821 3108; baseline -0.019 -2"><span class='ocrx_word' id='word_1_117' title='bbox 447 3069 462 3106; x_wconf 89' lang='lat' dir='ltr'>e</span> <span class='ocrx_word' id='word_1_118' title='bbox 478 3069 515 3108; x_wconf 89' lang='lat' dir='ltr'><strong>no</strong></span> <span class='ocrx_word' id='word_1_119' title='bbox 530 3046 606 3106; x_wconf 89' lang='lat' dir='ltr'><strong>m&#39;en</strong></span> <span class='ocrx_word' id='word_1_120' title='bbox 621 3047 669 3104; x_wconf 78' lang='lat' dir='ltr'><strong>val</strong></span> <span class='ocrx_word' id='word_1_121' title='bbox 684 3045 821 3103; x_wconf 79' lang='lat' dir='ltr'><strong>amistatz</strong></span> 
     </span>
    </p>

    <p class='ocr_par' dir='ltr' id='par_1_22' title="bbox 447 3130 890 3206">
     <span class='ocr_line' id='line_1_30' title="bbox 447 3130 890 3206; baseline -0.014 -16"><span class='ocrx_word' id='word_1_122' title='bbox 447 3134 478 3190; x_wconf 93' lang='lat' dir='ltr'><strong>ni</strong></span> <span class='ocrx_word' id='word_1_123' title='bbox 493 3153 530 3192; x_wconf 90' lang='lat' dir='ltr'><strong>no</strong></span> <span class='ocrx_word' id='word_1_124' title='bbox 546 3135 619 3192; x_wconf 80' lang='lat' dir='ltr'><strong>chan</strong></span> <span class='ocrx_word' id='word_1_125' title='bbox 635 3150 698 3190; x_wconf 87' lang='lat' dir='ltr'><strong>mas</strong></span> <span class='ocrx_word' id='word_1_126' title='bbox 714 3130 749 3188; x_wconf 88' lang='lat' dir='ltr'><strong>de</strong></span> <span class='ocrx_word' id='word_1_127' title='bbox 764 3134 890 3206; x_wconf 83' lang='lat' dir='ltr'><strong>percatz.</strong></span> 
     </span>
    </p>
   </div>
   <div class='ocr_carea' id='block_1_9' title="bbox 448 3297 1001 3637">
    <p class='ocr_par' dir='ltr' id='par_1_23' title="bbox 448 3297 1001 3539">
     <span class='ocr_line' id='line_1_31' title="bbox 449 3297 1001 3380; baseline -0.022 -18"><span class='ocrx_word' id='word_1_128' title='bbox 449 3301 522 3362; x_wconf 83' lang='lat' dir='ltr'>Oors</span> <span class='ocrx_word' id='word_1_129' title='bbox 538 3303 668 3380; x_wconf 83' lang='lat' dir='ltr'><strong>delgatz,</strong></span> <span class='ocrx_word' id='word_1_130' title='bbox 754 3318 810 3376; x_wconf 78' lang='lat' dir='ltr'><strong>gen</strong></span> <span class='ocrx_word' id='word_1_131' title='bbox 823 3297 1001 3370; x_wconf 83' lang='lat' dir='ltr'><strong>saissonatz‚</strong></span> 
     </span>
     <span class='ocr_line' id='line_1_32' title="bbox 448 3383 986 3462; baseline -0.02 -16"><span class='ocrx_word' id='word_1_132' title='bbox 448 3405 544 3447; x_wconf 77' lang='lat' dir='ltr'><strong>merce</strong></span> <span class='ocrx_word' id='word_1_133' title='bbox 558 3383 676 3462; x_wconf 83' lang='lat' dir='ltr'>n&#39;ajatz.</span> <span class='ocrx_word' id='word_1_134' title='bbox 762 3384 891 3452; x_wconf 78' lang='lat' dir='ltr'>Pietatz‚</span> <span class='ocrx_word' id='word_1_135' title='bbox 984 3427 986 3430; x_wconf 96' lang='lat'>.</span> 
     </span>
     <span class='ocr_line' id='line_1_33' title="bbox 449 3471 763 3539; baseline -0.022 -7"><span class='ocrx_word' id='word_1_136' title='bbox 449 3491 500 3532; x_wconf 76' lang='lat' dir='ltr'><strong>vos</strong></span> <span class='ocrx_word' id='word_1_137' title='bbox 516 3473 564 3530; x_wconf 85' lang='lat' dir='ltr'><strong>lan</strong></span> <span class='ocrx_word' id='word_1_138' title='bbox 580 3471 763 3539; x_wconf 81' lang='lat' dir='ltr'><strong>conselhatz,</strong></span> 
     </span>
    </p>

    <p class='ocr_par' dir='ltr' id='par_1_24' title="bbox 450 3555 891 3637">
     <span class='ocr_line' id='line_1_34' title="bbox 450 3555 891 3637; baseline -0.016 -20"><span class='ocrx_word' id='word_1_139' title='bbox 450 3578 506 3637; x_wconf 86' lang='lat' dir='ltr'><strong>que</strong></span> <span class='ocrx_word' id='word_1_140' title='bbox 520 3558 658 3617; x_wconf 84' lang='lat' dir='ltr'><strong>destreitz</strong></span> <span class='ocrx_word' id='word_1_141' title='bbox 674 3555 719 3614; x_wconf 83' lang='lat' dir='ltr'><strong>sui</strong></span> <span class='ocrx_word' id='word_1_142' title='bbox 734 3573 750 3612; x_wconf 85' lang='lat' dir='ltr'>e</span> <span class='ocrx_word' id='word_1_143' title='bbox 765 3555 891 3612; x_wconf 82' lang='lat' dir='ltr'><strong>cochatz.</strong></span> 
     </span>
    </p>
   </div>
   <div class='ocr_carea' id='block_1_10' title="bbox 0 0 1285 4212">
    <p class='ocr_par' dir='ltr' id='par_1_25' title="bbox 0 0 1285 4212">
     <span class='ocr_line' id='line_1_35' title="bbox 0 0 1285 4212; baseline 0 0"><span class='ocrx_word' id='word_1_144' title='bbox 0 0 1285 4212; x_wconf 95' lang='lat' dir='ltr'><strong> </strong></span> 
     </span>
    </p>
   </div>
  </div>
 </body>
</html>
