2520 4216
482 284 515 336 39

193 441 262 524 qu'a
276 448 307 504 la
322 452 398 504 mort
410 453 463 522 pot
477 447 544 504 hom
558 464 657 522 proar,

194 552 258 591 eum
273 547 349 609 pauo
363 531 411 588 val
426 549 494 589 aurs
510 532 556 589 als
571 549 703 590 manens.

194 637 247 695 per
261 611 343 693 qu'es
358 615 415 674 fols
430 615 480 691 qui
495 635 549 676 nos
564 616 657 675 cantia

194 723 211 760 e
225 723 284 761 non
298 695 380 760 renh'
397 719 434 758 en
449 701 584 760 eortezia.

194 873 259 932 Mas
274 879 341 930 tant
355 872 383 929 ai
397 871 434 929 de
449 888 505 946 que
520 889 637 948 pensan

194 953 281 1034 qu'eu
299 977 337 1015 no
351 975 422 1033 posc
436 957 493 1014 ben
509 957 653 1015 desliurar

193 1049 254 1101 totz
268 1061 332 1102 mos
346 1043 470 1100 honratz
484 1060 669 1118 pennamens.

193 1147 262 1204 pero
277 1129 330 1186 bos
346 1144 566 1188 comensamens

193 1219 304 1272 mostra
318 1213 396 1271 bona
409 1212 470 1282 via,

194 1298 244 1372 qui
259 1317 297 1356 no
313 1293 376 1356 s'en
392 1297 514 1355 cambia.

194 1401 257 1442 mas
272 1402 308 1441 eu
323 1401 377 1458 per
391 1381 589 1441 sobresforsar

193 1485 249 1545 eug
263 1468 326 1526 dele
341 1466 415 1525 felos
430 1486 613 1528 meserezens

194 1572 230 1610 en
245 1555 316 1612 breu
331 1553 466 1610 recobrar
481 1551 568 1612 Suria

194 1657 210 1694 e
224 1637 355 1697 Damaso
369 1657 385 1694 e
400 1637 538 1697 Tabaria.

193 1803 290 1880 Qu'eu
304 1827 361 1866 non
376 1825 429 1866 aus
444 1808 618 1883 denesperar

192 1893 264 1950 alei
278 1887 348 1951 d'un
363 1892 407 1950 rei
421 1893 477 1950 flac
491 1911 572 1962 avar,

192 1979 239 2036 cui
254 1980 343 2037 sobra
356 1997 423 2037 aurs
439 1985 469 2034 et
478 1995 584 2055 argens
592 2019 600 2048 ,

194 2084 211 2122 e
225 2067 305 2140 cuja,
322 2081 441 2139 quares
456 2081 593 2132 manens,

193 2142 326 2226 qu'autre
340 2148 411 2206 deus
427 2167 464 2206 no
480 2147 525 2206 sia

193 2251 255 2292 mas
270 2253 304 2292 sa
318 2233 480 2292 manentia:

192 2313 327 2394 qu'avers
343 2319 372 2376 lo
386 2317 427 2376 fai
442 2337 574 2396 renegar.

192 2422 255 2462 mas
270 2422 347 2479 quan
362 2403 464 2462 venral
474 2406 649 2478 jutjamens,

191 2508 242 2548 car
256 2506 406 2566 comprara
421 2506 455 2546 sa
468 2488 568 2546 feunia

186 2593 209 2632 ·e
222 2568 334 2650 l’enjan
349 2593 365 2631 e
379 2574 410 2630 la
424 2573 536 2631 bauzia.

191 2745 235 2803 Ar
248 2739 321 2802 m'er
334 2761 402 2802 mon
418 2743 507 2800 ohant
521 2761 539 2800 a
553 2742 631 2802 virar

191 2847 243 2888 vas
259 2848 307 2887 ma
321 2828 428 2886 domna
443 2827 490 2885 eui
503 2834 572 2886 tene
586 2846 636 2886 ear

191 2915 258 2991 plus
274 2931 330 2988 que
344 2931 407 2972 mos
423 2913 488 2970 olhs
504 2913 535 2970 ni
550 2930 614 2972 mas
629 2913 717 2972 dens:

191 3000 223 3057 ni
237 3018 275 3056 no
289 3015 361 3074 pose
375 3015 457 3058 esser
468 3001 606 3072 jauzens,

192 3085 217 3143 si
231 3084 287 3142 leis
302 3103 361 3141 non
377 3083 452 3141 avia.

190 3168 293 3228 aissim
307 3163 379 3226 lass'
395 3187 440 3226 em
455 3168 497 3226 lia

190 3256 228 3312 ab
243 3261 390 3330 prometre
405 3272 453 3312 ses
469 3253 570 3324 donar,

191 3333 326 3416 qu'autre
339 3357 432 3416 gaugz
447 3357 515 3398 nom
530 3357 562 3397 es
581 3339 717 3415 plazens,

191 3424 221 3481 ni
236 3441 289 3503 ges
304 3423 340 3481 de
354 3425 410 3482 leis
424 3443 492 3482 nom
505 3423 601 3500 poiria

191 3510 294 3584 partir,
310 3509 374 3567 nois
390 3509 445 3566 sim
461 3511 582 3568 aueizia.
