<?xml version="1.0" encoding="UTF-8"?>
<!DOCTYPE html PUBLIC "-//W3C//DTD XHTML 1.0 Transitional//EN"
    "http://www.w3.org/TR/xhtml1/DTD/xhtml1-transitional.dtd">
<html xmlns="http://www.w3.org/1999/xhtml" xml:lang="en" lang="en">
 <head>
  <title>
</title>
<meta http-equiv="Content-Type" content="text/html;charset=utf-8" />
  <meta name='ocr-system' content='tesseract 3.04.00' />
  <meta name='ocr-capabilities' content='ocr_page ocr_carea ocr_par ocr_line ocrx_word'/>
</head>
<body>
  <div class='ocr_page' id='page_1' title='image "./lieder00bartgoog_0130.png"; bbox 0 0 2552 4214; ppageno 0'>
   <div class='ocr_carea' id='block_1_1' title="bbox 714 305 744 356">
    <p class='ocr_par' dir='ltr' id='par_1_1' title="bbox 714 305 744 356">
     <span class='ocr_line' id='line_1_1' title="bbox 714 305 744 356; baseline 0 0"><span class='ocrx_word' id='word_1_1' title='bbox 714 305 744 356; x_wconf 79' lang='lat'><strong>12</strong></span> 
     </span>
    </p>
   </div>
   <div class='ocr_carea' id='block_1_2' title="bbox 473 460 863 1222">
    <p class='ocr_par' dir='ltr' id='par_1_2' title="bbox 474 460 822 544">
     <span class='ocr_line' id='line_1_2' title="bbox 474 460 822 544; baseline 0 -20"><span class='ocrx_word' id='word_1_2' title='bbox 474 460 562 544; x_wconf 81' lang='lat' dir='ltr'>qu’ab</span> <span class='ocrx_word' id='word_1_3' title='bbox 576 467 618 523; x_wconf 90' lang='lat' dir='ltr'><strong>mi</strong></span> <span class='ocrx_word' id='word_1_4' title='bbox 631 461 695 524; x_wconf 76' lang='lat' dir='ltr'>n’es</span> <span class='ocrx_word' id='word_1_5' title='bbox 709 469 822 543; x_wconf 71' lang='lat' dir='ltr'><strong>Aragos</strong></span> 
     </span>
    </p>

    <p class='ocr_par' dir='ltr' id='par_1_3' title="bbox 475 546 755 619">
     <span class='ocr_line' id='line_1_3' title="bbox 475 546 755 619; baseline -0.007 -9"><span class='ocrx_word' id='word_1_6' title='bbox 475 571 491 610; x_wconf 85' lang='lat' dir='ltr'>e</span> <span class='ocrx_word' id='word_1_7' title='bbox 507 546 616 610; x_wconf 77' lang='lat' dir='ltr'><strong>Castel&#39;</strong></span> <span class='ocrx_word' id='word_1_8' title='bbox 632 570 648 608; x_wconf 86' lang='lat' dir='ltr'>e</span> <span class='ocrx_word' id='word_1_9' title='bbox 662 551 755 619; x_wconf 80' lang='lat' dir='ltr'>Leos,</span> 
     </span>
    </p>

    <p class='ocr_par' dir='ltr' id='par_1_4' title="bbox 473 634 863 1222">
     <span class='ocr_line' id='line_1_4' title="bbox 475 634 819 694; baseline -0.003 0"><span class='ocrx_word' id='word_1_10' title='bbox 475 637 503 694; x_wconf 79' lang='lat' dir='ltr'><strong>el</strong></span> <span class='ocrx_word' id='word_1_11' title='bbox 517 636 618 694; x_wconf 82' lang='lat' dir='ltr'><strong>valens</strong></span> <span class='ocrx_word' id='word_1_12' title='bbox 633 636 692 694; x_wconf 78' lang='lat' dir='ltr'>reis</span> <span class='ocrx_word' id='word_1_13' title='bbox 707 634 819 693; x_wconf 74' lang='lat' dir='ltr'><strong>nAnfos</strong></span> 
     </span>
     <span class='ocr_line' id='line_1_5' title="bbox 473 720 818 787; baseline -0.003 -8"><span class='ocrx_word' id='word_1_14' title='bbox 473 722 531 780; x_wconf 85' lang='lat' dir='ltr'>tels</span> <span class='ocrx_word' id='word_1_15' title='bbox 546 721 654 779; x_wconf 76' lang='lat' dir='ltr'><strong>oastels</strong></span> <span class='ocrx_word' id='word_1_16' title='bbox 669 720 818 787; x_wconf 66' lang='lat' dir='ltr'><strong>emmiu,</strong></span> 
     </span>
     <span class='ocr_line' id='line_1_6' title="bbox 475 805 848 883; baseline -0.005 -19"><span class='ocrx_word' id='word_1_17' title='bbox 475 826 512 864; x_wconf 90' lang='lat' dir='ltr'><strong>on</strong></span> <span class='ocrx_word' id='word_1_18' title='bbox 526 814 608 883; x_wconf 74' lang='lat' dir='ltr'>pretz</span> <span class='ocrx_word' id='word_1_19' title='bbox 624 824 727 882; x_wconf 76' lang='lat' dir='ltr'>engen</span> <span class='ocrx_word' id='word_1_20' title='bbox 742 805 848 864; x_wconf 81' lang='lat' dir='ltr'>servitz</span> 
     </span>
     <span class='ocr_line' id='line_1_7' title="bbox 474 890 815 966; baseline -0.009 -17"><span class='ocrx_word' id='word_1_21' title='bbox 474 900 504 949; x_wconf 82' lang='lat' dir='ltr'><strong>et</strong></span> <span class='ocrx_word' id='word_1_22' title='bbox 518 893 640 949; x_wconf 80' lang='lat' dir='ltr'><strong>honratz</strong></span> <span class='ocrx_word' id='word_1_23' title='bbox 655 909 672 947; x_wconf 85' lang='lat' dir='ltr'><strong>e</strong></span> <span class='ocrx_word' id='word_1_24' title='bbox 686 890 815 966; x_wconf 61' lang='lat' dir='ltr'><strong>volgum</strong></span> 
     </span>
     <span class='ocr_line' id='line_1_8' title="bbox 473 971 848 1053; baseline -0.003 -20"><span class='ocrx_word' id='word_1_25' title='bbox 473 995 527 1053; x_wconf 86' lang='lat' dir='ltr'><strong>per</strong></span> <span class='ocrx_word' id='word_1_26' title='bbox 540 971 627 1051; x_wconf 81' lang='lat' dir='ltr'>qu&#39;eu</span> <span class='ocrx_word' id='word_1_27' title='bbox 640 975 704 1032; x_wconf 81' lang='lat' dir='ltr'>dels</span> <span class='ocrx_word' id='word_1_28' title='bbox 715 976 848 1045; x_wconf 72' lang='lat' dir='ltr'><strong>abatutz,</strong></span> 
     </span>
     <span class='ocr_line' id='line_1_9' title="bbox 474 1060 863 1134; baseline -0.003 -15"><span class='ocrx_word' id='word_1_29' title='bbox 474 1062 545 1119; x_wconf 78' lang='lat' dir='ltr'>fiaes</span> <span class='ocrx_word' id='word_1_30' title='bbox 559 1079 659 1130; x_wconf 81' lang='lat' dir='ltr'><strong>avars,</strong></span> <span class='ocrx_word' id='word_1_31' title='bbox 675 1080 726 1118; x_wconf 76' lang='lat' dir='ltr'><strong>eor</strong></span> <span class='ocrx_word' id='word_1_32' title='bbox 740 1060 777 1117; x_wconf 77' lang='lat' dir='ltr'><strong>de</strong></span> <span class='ocrx_word' id='word_1_33' title='bbox 792 1079 863 1134; x_wconf 79' lang='lat' dir='ltr'>ven,</span> 
     </span>
     <span class='ocr_line' id='line_1_10' title="bbox 475 1145 824 1222; baseline -0.003 -19"><span class='ocrx_word' id='word_1_34' title='bbox 475 1147 502 1203; x_wconf 85' lang='lat' dir='ltr'><strong>ai</strong></span> <span class='ocrx_word' id='word_1_35' title='bbox 518 1162 592 1222; x_wconf 78' lang='lat' dir='ltr'>pauc</span> <span class='ocrx_word' id='word_1_36' title='bbox 606 1145 642 1202; x_wconf 87' lang='lat' dir='ltr'><strong>de</strong></span> <span class='ocrx_word' id='word_1_37' title='bbox 656 1163 824 1220; x_wconf 80' lang='lat' dir='ltr'><strong>pensamen.</strong></span> 
     </span>
    </p>
   </div>
   <div class='ocr_carea' id='block_1_3' title="bbox 473 1312 879 1816">
    <p class='ocr_par' dir='ltr' id='par_1_5' title="bbox 473 1312 838 1476">
     <span class='ocr_line' id='line_1_11' title="bbox 475 1312 838 1389; baseline -0.003 -18"><span class='ocrx_word' id='word_1_38' title='bbox 475 1312 604 1389; x_wconf 79' lang='lat' dir='ltr'><strong>Qu’aissi</strong></span> <span class='ocrx_word' id='word_1_39' title='bbox 619 1332 684 1372; x_wconf 84' lang='lat' dir='ltr'><strong>cum</strong></span> <span class='ocrx_word' id='word_1_40' title='bbox 698 1333 730 1373; x_wconf 86' lang='lat' dir='ltr'><strong>es</strong></span> <span class='ocrx_word' id='word_1_41' title='bbox 745 1314 838 1372; x_wconf 83' lang='lat' dir='ltr'>arditz</span> 
     </span>
     <span class='ocr_line' id='line_1_12' title="bbox 473 1399 812 1476; baseline -0.006 -19"><span class='ocrx_word' id='word_1_42' title='bbox 473 1401 535 1458; x_wconf 82' lang='lat' dir='ltr'>leos</span> <span class='ocrx_word' id='word_1_43' title='bbox 550 1400 617 1476; x_wconf 83' lang='lat' dir='ltr'>plus</span> <span class='ocrx_word' id='word_1_44' title='bbox 632 1416 688 1473; x_wconf 82' lang='lat' dir='ltr'><strong>que</strong></span> <span class='ocrx_word' id='word_1_45' title='bbox 703 1399 812 1458; x_wconf 74' lang='lat' dir='ltr'>cabritz</span> 
     </span>
    </p>

    <p class='ocr_par' dir='ltr' id='par_1_6' title="bbox 473 1487 879 1816">
     <span class='ocr_line' id='line_1_13' title="bbox 474 1487 870 1559; baseline -0.005 -17"><span class='ocrx_word' id='word_1_46' title='bbox 474 1491 503 1542; x_wconf 83' lang='lat' dir='ltr'><strong>et</strong></span> <span class='ocrx_word' id='word_1_47' title='bbox 519 1503 566 1542; x_wconf 86' lang='lat' dir='ltr'><strong>ors</strong></span> <span class='ocrx_word' id='word_1_48' title='bbox 581 1502 637 1559; x_wconf 84' lang='lat' dir='ltr'><strong>que</strong></span> <span class='ocrx_word' id='word_1_49' title='bbox 652 1487 724 1542; x_wconf 85' lang='lat' dir='ltr'>bous</span> <span class='ocrx_word' id='word_1_50' title='bbox 740 1491 870 1549; x_wconf 67' lang='lat' dir='ltr'><strong>cornuta¹</strong></span> 
     </span>
     <span class='ocr_line' id='line_1_14' title="bbox 474 1569 879 1645; baseline -0.007 -18"><span class='ocrx_word' id='word_1_51' title='bbox 474 1569 570 1645; x_wconf 82' lang='lat' dir='ltr'>elops</span> <span class='ocrx_word' id='word_1_52' title='bbox 586 1586 641 1644; x_wconf 77' lang='lat' dir='ltr'><strong>que</strong></span> <span class='ocrx_word' id='word_1_53' title='bbox 658 1571 727 1626; x_wconf 80' lang='lat' dir='ltr'>boos</span> <span class='ocrx_word' id='word_1_54' title='bbox 744 1570 879 1636; x_wconf 76' lang='lat' dir='ltr'>barbutz,</span> 
     </span>
     <span class='ocr_line' id='line_1_15' title="bbox 474 1647 829 1722; baseline -0.006 -10"><span class='ocrx_word' id='word_1_55' title='bbox 474 1651 502 1712; x_wconf 76' lang='lat' dir='ltr'><strong>ai</strong></span> <span class='ocrx_word' id='word_1_56' title='bbox 519 1673 554 1711; x_wconf 87' lang='lat' dir='ltr'><strong>eu</strong></span> <span class='ocrx_word' id='word_1_57' title='bbox 570 1654 643 1712; x_wconf 80' lang='lat' dir='ltr'>mais</span> <span class='ocrx_word' id='word_1_58' title='bbox 659 1647 829 1722; x_wconf 81' lang='lat' dir='ltr'>d&#39;ardimen,</span> 
     </span>
     <span class='ocr_line' id='line_1_16' title="bbox 473 1739 796 1816; baseline 0 -20"><span class='ocrx_word' id='word_1_59' title='bbox 473 1758 530 1816; x_wconf 85' lang='lat' dir='ltr'><strong>que</strong></span> <span class='ocrx_word' id='word_1_60' title='bbox 544 1739 602 1797; x_wconf 79' lang='lat' dir='ltr'><strong>tuit</strong></span> <span class='ocrx_word' id='word_1_61' title='bbox 616 1739 637 1796; x_wconf 85' lang='lat' dir='ltr'><strong>li</strong></span> <span class='ocrx_word' id='word_1_62' title='bbox 652 1758 796 1797; x_wconf 79' lang='lat' dir='ltr'>recrezen.</span> 
     </span>
    </p>
   </div>
   <div class='ocr_carea' id='block_1_4' title="bbox 714 1989 744 2052">
    <p class='ocr_par' dir='ltr' id='par_1_7' title="bbox 714 1989 744 2052">
     <span class='ocr_line' id='line_1_17' title="bbox 714 1989 744 2052; baseline 0.033 -1"><span class='ocrx_word' id='word_1_63' title='bbox 714 1989 744 2052; x_wconf 83' lang='lat'><strong>4.</strong></span> 
     </span>
    </p>
   </div>
   <div class='ocr_carea' id='block_1_5' title="bbox 472 2151 915 2752">
    <p class='ocr_par' dir='ltr' id='par_1_8' title="bbox 473 2151 817 2242">
     <span class='ocr_line' id='line_1_18' title="bbox 473 2151 817 2242; baseline -0.012 -17"><span class='ocrx_word' id='word_1_64' title='bbox 473 2151 539 2226; x_wconf 83' lang='lat' dir='ltr'><strong>Ben</strong></span> <span class='ocrx_word' id='word_1_65' title='bbox 553 2165 600 2222; x_wconf 86' lang='lat' dir='ltr'><strong>viu</strong></span> <span class='ocrx_word' id='word_1_66' title='bbox 615 2183 634 2222; x_wconf 83' lang='lat' dir='ltr'>a</span> <span class='ocrx_word' id='word_1_67' title='bbox 647 2183 718 2242; x_wconf 76' lang='lat' dir='ltr'>gran</span> <span class='ocrx_word' id='word_1_68' title='bbox 735 2163 817 2222; x_wconf 87' lang='lat' dir='ltr'>dolor</span> 
     </span>
    </p>

    <p class='ocr_par' dir='ltr' id='par_1_9' title="bbox 473 2250 915 2581">
     <span class='ocr_line' id='line_1_19' title="bbox 473 2250 879 2327; baseline -0.005 -20"><span class='ocrx_word' id='word_1_69' title='bbox 473 2250 523 2327; x_wconf 88' lang='lat' dir='ltr'><strong>qui</strong></span> <span class='ocrx_word' id='word_1_70' title='bbox 538 2258 603 2326; x_wconf 82' lang='lat' dir='ltr'>pert</span> <span class='ocrx_word' id='word_1_71' title='bbox 617 2268 670 2307; x_wconf 84' lang='lat' dir='ltr'><strong>son</strong></span> <span class='ocrx_word' id='word_1_72' title='bbox 685 2252 743 2308; x_wconf 88' lang='lat' dir='ltr'><strong>bon</strong></span> <span class='ocrx_word' id='word_1_73' title='bbox 759 2250 879 2318; x_wconf 83' lang='lat' dir='ltr'><strong>senhor,</strong></span> 
     </span>
     <span class='ocr_line' id='line_1_20' title="bbox 474 2327 846 2411; baseline -0.008 -19"><span class='ocrx_word' id='word_1_74' title='bbox 474 2327 561 2410; x_wconf 87' lang='lat' dir='ltr'>qu’eu</span> <span class='ocrx_word' id='word_1_75' title='bbox 575 2335 675 2411; x_wconf 84' lang='lat' dir='ltr'>perdei</span> <span class='ocrx_word' id='word_1_76' title='bbox 691 2335 719 2392; x_wconf 87' lang='lat' dir='ltr'><strong>lo</strong></span> <span class='ocrx_word' id='word_1_77' title='bbox 734 2334 846 2392; x_wconf 81' lang='lat' dir='ltr'><strong>melbor</strong></span> 
     </span>
     <span class='ocr_line' id='line_1_21' title="bbox 474 2413 915 2497; baseline -0.009 -19"><span class='ocrx_word' id='word_1_78' title='bbox 474 2413 579 2496; x_wconf 78' lang='lat' dir='ltr'>qu&#39;anc</span> <span class='ocrx_word' id='word_1_79' title='bbox 594 2429 686 2477; x_wconf 87' lang='lat' dir='ltr'><strong>mortz</strong></span> <span class='ocrx_word' id='word_1_80' title='bbox 701 2437 810 2497; x_wconf 85' lang='lat' dir='ltr'>pogues</span> <span class='ocrx_word' id='word_1_81' title='bbox 824 2419 915 2476; x_wconf 77' lang='lat' dir='ltr'><strong>aucit.</strong></span> 
     </span>
     <span class='ocr_line' id='line_1_22' title="bbox 473 2504 839 2581; baseline -0.003 -19"><span class='ocrx_word' id='word_1_82' title='bbox 473 2524 490 2562; x_wconf 84' lang='lat' dir='ltr'><strong>e</strong></span> <span class='ocrx_word' id='word_1_83' title='bbox 503 2524 577 2581; x_wconf 85' lang='lat' dir='ltr'><strong>quar</strong></span> <span class='ocrx_word' id='word_1_84' title='bbox 591 2525 649 2563; x_wconf 89' lang='lat' dir='ltr'><strong>non</strong></span> <span class='ocrx_word' id='word_1_85' title='bbox 663 2523 735 2580; x_wconf 79' lang='lat' dir='ltr'>pose</span> <span class='ocrx_word' id='word_1_86' title='bbox 749 2504 839 2562; x_wconf 75' lang='lat' dir='ltr'><strong>morit</strong></span> 
     </span>
    </p>

    <p class='ocr_par' dir='ltr' id='par_1_10' title="bbox 472 2583 910 2752">
     <span class='ocr_line' id='line_1_23' title="bbox 473 2583 910 2664; baseline -0.009 -16"><span class='ocrx_word' id='word_1_87' title='bbox 473 2591 503 2648; x_wconf 85' lang='lat' dir='ltr'><strong>ni</strong></span> <span class='ocrx_word' id='word_1_88' title='bbox 519 2608 551 2648; x_wconf 79' lang='lat' dir='ltr'><strong>es</strong></span> <span class='ocrx_word' id='word_1_89' title='bbox 566 2589 657 2647; x_wconf 83' lang='lat' dir='ltr'>dreitz</span> <span class='ocrx_word' id='word_1_90' title='bbox 673 2583 770 2664; x_wconf 86' lang='lat' dir='ltr'><strong>qu&#39;om</strong></span> <span class='ocrx_word' id='word_1_91' title='bbox 786 2583 910 2658; x_wconf 73' lang='lat' dir='ltr'>s&#39;aueia,</span> 
     </span>
     <span class='ocr_line' id='line_1_24' title="bbox 472 2674 786 2752; baseline 0 -20"><span class='ocrx_word' id='word_1_92' title='bbox 472 2695 525 2752; x_wconf 84' lang='lat' dir='ltr'><strong>per</strong></span> <span class='ocrx_word' id='word_1_93' title='bbox 539 2693 587 2732; x_wconf 78' lang='lat' dir='ltr'><strong>ma</strong></span> <span class='ocrx_word' id='word_1_94' title='bbox 601 2675 668 2732; x_wconf 82' lang='lat' dir='ltr'>vida</span> <span class='ocrx_word' id='word_1_95' title='bbox 681 2674 786 2751; x_wconf 82' lang='lat' dir='ltr'>gandir</span> 
     </span>
    </p>
   </div>
   <div class='ocr_carea' id='block_1_6' title="bbox 374 2755 811 2848">
    <p class='ocr_par' dir='ltr' id='par_1_11' title="bbox 374 2755 811 2848">
     <span class='ocr_line' id='line_1_25' title="bbox 374 2755 811 2848; baseline -0.007 -29"><span class='ocrx_word' id='word_1_96' title='bbox 374 2829 384 2848; x_wconf 43' lang='grc' dir='ltr'><strong><em>Ι</em></strong></span> <span class='ocrx_word' id='word_1_97' title='bbox 472 2755 549 2818; x_wconf 82' lang='lat' dir='ltr'>m&#39;en</span> <span class='ocrx_word' id='word_1_98' title='bbox 564 2759 631 2818; x_wconf 78' lang='lat' dir='ltr'><strong>anei</strong></span> <span class='ocrx_word' id='word_1_99' title='bbox 646 2778 683 2817; x_wconf 85' lang='lat' dir='ltr'><strong>en</strong></span> <span class='ocrx_word' id='word_1_100' title='bbox 699 2757 811 2836; x_wconf 78' lang='lat' dir='ltr'><strong>Ongria</strong></span> 
     </span>
    </p>
   </div>
   <div class='ocr_carea' id='block_1_7' title="bbox 472 2844 813 3160">
    <p class='ocr_par' dir='ltr' id='par_1_12' title="bbox 472 2844 813 3160">
     <span class='ocr_line' id='line_1_26' title="bbox 472 2844 804 2913; baseline -0.003 -9"><span class='ocrx_word' id='word_1_101' title='bbox 472 2847 501 2904; x_wconf 79' lang='lat' dir='ltr'><strong>al</strong></span> <span class='ocrx_word' id='word_1_102' title='bbox 515 2847 573 2904; x_wconf 90' lang='lat' dir='ltr'><strong>bon</strong></span> <span class='ocrx_word' id='word_1_103' title='bbox 588 2845 630 2902; x_wconf 86' lang='lat' dir='ltr'><strong>rei</strong></span> <span class='ocrx_word' id='word_1_104' title='bbox 644 2844 804 2913; x_wconf 79' lang='lat' dir='ltr'><strong>nAimeric,</strong></span> 
     </span>
     <span class='ocr_line' id='line_1_27' title="bbox 473 2928 800 2997; baseline -0.009 -8"><span class='ocrx_word' id='word_1_105' title='bbox 473 2950 510 2989; x_wconf 91' lang='lat' dir='ltr'><strong>on</strong></span> <span class='ocrx_word' id='word_1_106' title='bbox 525 2929 618 2988; x_wconf 84' lang='lat' dir='ltr'>trobei</span> <span class='ocrx_word' id='word_1_107' title='bbox 634 2932 690 2989; x_wconf 91' lang='lat' dir='ltr'><strong>bon</strong></span> <span class='ocrx_word' id='word_1_108' title='bbox 705 2928 800 2997; x_wconf 77' lang='lat' dir='ltr'>abric,</span> 
     </span>
     <span class='ocr_line' id='line_1_28' title="bbox 473 3014 813 3073; baseline -0.009 0"><span class='ocrx_word' id='word_1_109' title='bbox 473 3023 502 3073; x_wconf 80' lang='lat' dir='ltr'><strong>et</strong></span> <span class='ocrx_word' id='word_1_110' title='bbox 516 3034 617 3072; x_wconf 82' lang='lat' dir='ltr'><strong>auram</strong></span> <span class='ocrx_word' id='word_1_111' title='bbox 633 3033 680 3072; x_wconf 83' lang='lat' dir='ltr'><strong>ses</strong></span> <span class='ocrx_word' id='word_1_112' title='bbox 695 3033 745 3071; x_wconf 79' lang='lat' dir='ltr'><strong>cor</strong></span> <span class='ocrx_word' id='word_1_113' title='bbox 759 3014 813 3072; x_wconf 83' lang='lat' dir='ltr'><strong>tric</strong></span> 
     </span>
     <span class='ocr_line' id='line_1_29' title="bbox 472 3099 744 3160; baseline -0.015 0"><span class='ocrx_word' id='word_1_114' title='bbox 472 3101 602 3160; x_wconf 78' lang='lat' dir='ltr'>servidor</span> <span class='ocrx_word' id='word_1_115' title='bbox 616 3108 646 3156; x_wconf 83' lang='lat' dir='ltr'><strong>et</strong></span> <span class='ocrx_word' id='word_1_116' title='bbox 659 3099 744 3156; x_wconf 80' lang='lat' dir='ltr'><strong>amic.</strong></span> 
     </span>
    </p>
   </div>
   <div class='ocr_carea' id='block_1_8' title="bbox 471 3269 865 3682">
    <p class='ocr_par' dir='ltr' id='par_1_13' title="bbox 472 3269 816 3346">
     <span class='ocr_line' id='line_1_30' title="bbox 472 3269 816 3346; baseline -0.003 -20"><span class='ocrx_word' id='word_1_117' title='bbox 472 3269 513 3327; x_wconf 82' lang='lat' dir='ltr'><strong>Et</strong></span> <span class='ocrx_word' id='word_1_118' title='bbox 527 3269 609 3326; x_wconf 81' lang='lat' dir='ltr'><strong>aurai</strong></span> <span class='ocrx_word' id='word_1_119' title='bbox 622 3287 695 3346; x_wconf 77' lang='lat' dir='ltr'>gran</span> <span class='ocrx_word' id='word_1_120' title='bbox 711 3270 816 3338; x_wconf 87' lang='lat' dir='ltr'>honor,</span> 
     </span>
    </p>

    <p class='ocr_par' dir='ltr' id='par_1_14' title="bbox 471 3353 865 3598">
     <span class='ocr_line' id='line_1_31' title="bbox 472 3353 794 3429; baseline 0 -18"><span class='ocrx_word' id='word_1_121' title='bbox 472 3354 497 3412; x_wconf 78' lang='lat' dir='ltr'><strong>si</strong></span> <span class='ocrx_word' id='word_1_122' title='bbox 513 3354 571 3411; x_wconf 78' lang='lat' dir='ltr'><strong>m&#39;a</strong></span> <span class='ocrx_word' id='word_1_123' title='bbox 584 3372 637 3429; x_wconf 85' lang='lat' dir='ltr'><strong>per</strong></span> <span class='ocrx_word' id='word_1_124' title='bbox 651 3353 794 3422; x_wconf 83' lang='lat' dir='ltr'>servidor,</span> 
     </span>
     <span class='ocr_line' id='line_1_32' title="bbox 472 3431 865 3513; baseline 0.008 -20"><span class='ocrx_word' id='word_1_125' title='bbox 472 3431 558 3512; x_wconf 86' lang='lat' dir='ltr'>qu’eu</span> <span class='ocrx_word' id='word_1_126' title='bbox 573 3456 644 3513; x_wconf 78' lang='lat' dir='ltr'>poso</span> <span class='ocrx_word' id='word_1_127' title='bbox 658 3439 703 3494; x_wconf 82' lang='lat' dir='ltr'><strong>far</strong></span> <span class='ocrx_word' id='word_1_128' title='bbox 717 3457 751 3496; x_wconf 79' lang='lat' dir='ltr'><strong>sa</strong></span> <span class='ocrx_word' id='word_1_129' title='bbox 765 3439 865 3496; x_wconf 80' lang='lat' dir='ltr'><strong>lauzor</strong></span> 
     </span>
     <span class='ocr_line' id='line_1_33' title="bbox 471 3523 804 3598; baseline 0.003 -18"><span class='ocrx_word' id='word_1_130' title='bbox 471 3541 524 3598; x_wconf 80' lang='lat' dir='ltr'><strong>per</strong></span> <span class='ocrx_word' id='word_1_131' title='bbox 538 3531 581 3579; x_wconf 84' lang='lat' dir='ltr'><strong>tot</strong></span> <span class='ocrx_word' id='word_1_132' title='bbox 595 3523 625 3580; x_wconf 89' lang='lat' dir='ltr'><strong>lo</strong></span> <span class='ocrx_word' id='word_1_133' title='bbox 640 3542 705 3580; x_wconf 85' lang='lat' dir='ltr'><strong>mon</strong></span> <span class='ocrx_word' id='word_1_134' title='bbox 722 3523 804 3581; x_wconf 75' lang='lat' dir='ltr'><strong>anzir</strong></span> 
     </span>
    </p>

    <p class='ocr_par' dir='ltr' id='par_1_15' title="bbox 472 3608 783 3682">
     <span class='ocr_line' id='line_1_34' title="bbox 472 3608 783 3682; baseline -0.003 -18"><span class='ocrx_word' id='word_1_135' title='bbox 472 3627 488 3664; x_wconf 84' lang='lat' dir='ltr'>e</span> <span class='ocrx_word' id='word_1_136' title='bbox 503 3625 556 3665; x_wconf 82' lang='lat' dir='ltr'><strong>son</strong></span> <span class='ocrx_word' id='word_1_137' title='bbox 571 3616 653 3682; x_wconf 84' lang='lat' dir='ltr'><strong>pretz</strong></span> <span class='ocrx_word' id='word_1_138' title='bbox 668 3608 783 3664; x_wconf 75' lang='lat' dir='ltr'><strong>enantir</strong></span> 
     </span>
    </p>
   </div>
   <div class='ocr_carea' id='block_1_9' title="bbox 0 0 1280 4214">
    <p class='ocr_par' dir='ltr' id='par_1_16' title="bbox 0 0 1280 4214">
     <span class='ocr_line' id='line_1_35' title="bbox 0 0 1280 4214; baseline 0 0"><span class='ocrx_word' id='word_1_139' title='bbox 0 0 1280 4214; x_wconf 95' lang='lat' dir='ltr'><strong> </strong></span> 
     </span>
    </p>
   </div>
  </div>
 </body>
</html>
