2610 4216
188 421 244 482 m’a
258 423 285 482 si
299 433 343 482 tot
357 443 424 482 mon
440 441 489 484 cor
503 425 626 496 emblat,

188 526 243 584 que
254 511 288 584 ja
303 507 354 566 nol
368 506 481 568 ereiria.

188 593 242 652 leis
257 593 315 650 ami
331 593 397 669 plus
412 612 469 670 que
483 594 538 664 mi,
553 613 705 671 perquem
721 616 825 673 repren

189 687 218 734 et
232 677 353 753 enquier
366 698 412 737 me
426 698 494 738 mon
509 679 566 737 dan
581 681 619 737 ad
634 681 747 752 eseiam

180 756 275 836 ,qu’ab
288 762 344 822 leis
359 782 397 822 no
413 772 479 840 trop
494 764 613 822 amistat
626 765 658 822 ni
672 765 790 840 pitansa

187 847 220 904 ni
233 847 403 906 chautimen
418 849 450 906 ni
464 847 567 926 negun’
584 850 753 910 acordansa.

188 949 224 990 eu
239 932 314 990 olam
329 952 424 992 merce
439 952 456 991 e
470 952 580 992 merces
595 953 664 992 nom
679 953 776 994 socor:

186 1035 283 1075 merce
297 1017 410 1076 alaman
426 1037 481 1098 eug
494 1019 584 1077 morir
598 1020 633 1077 de
648 1021 739 1079 dolor.

186 1185 268 1245 Tant
280 1187 357 1245 elam
371 1189 409 1247 ab
424 1188 571 1246 humilitat

187 1289 283 1329 meroe
297 1289 404 1330 casoun
419 1272 482 1332 dia:

186 1375 299 1416 merces
312 1357 388 1416 faria
402 1367 517 1433 peccat,

187 1440 265 1500 sino
280 1437 357 1501 m'en
372 1442 458 1502 valia.

186 1535 267 1585 mout·
280 1527 310 1586 ai
324 1527 493 1586 chauzimen
508 1528 601 1586 cridat

187 1629 236 1670 ves
252 1629 308 1687 que
321 1631 396 1689 pauc
411 1612 575 1684 m'embria,

186 1714 240 1772 pos
256 1698 293 1756 ab
307 1697 363 1756 leis
377 1717 435 1755 non
451 1699 480 1756 ai
493 1700 605 1768 ποθεῖ,

187 1799 224 1838 eu
237 1799 285 1840 cre
300 1800 356 1858 que
370 1791 463 1841 mortz
479 1783 532 1843 sia.

186 1885 235 1924 ma
249 1866 344 1925 domn'
359 1887 378 1925 a
393 1876 469 1926 mort
482 1885 578 1926 meroe
593 1887 609 1924 e
624 1868 808 1939 chauzimen,

187 1970 241 2010 son
256 1952 328 2011 dous
344 1961 442 2030 esgart
457 1972 473 2010 e
488 1971 536 2011 sos
552 1953 616 2012 bels
632 1953 697 2012 olhs
712 1954 846 2025 deman,

187 2037 225 2095 ab
240 2055 325 2111 quem
341 2045 463 2096 mostret
477 2047 527 2096 tan
543 2046 657 2096 corteza
671 2040 852 2110 semblansa,

187 2116 272 2195 qu'eu
288 2122 370 2200 augei
384 2123 450 2198 plus
465 2141 535 2181 aver
548 2124 615 2198 quel
631 2125 689 2182 reis
704 2125 740 2182 de
754 2124 878 2186 Fransa.

186 2203 294 2265 d'aisso
309 2208 422 2266 sembla
435 2205 544 2286 heretg’
561 2229 577 2267 e
591 2209 714 2280 traidor,

187 2289 272 2367 qu‘ab
286 2292 335 2350 bel
350 2294 482 2350 semblan
497 2303 557 2351 met
570 2295 655 2352 home
671 2315 708 2352 en
722 2315 810 2355 error.

186 2463 228 2519 A!
243 2461 292 2519 bel
306 2464 412 2521 senher
427 2460 556 2532 caniat,

188 2563 251 2604 com
267 2548 379 2605 morde
393 2547 505 2616 sennia,

187 2626 274 2706 qu'ab
289 2632 337 2690 bel
352 2632 485 2690 semblan
500 2629 558 2689 m’a
571 2631 666 2690 nafrat

186 2735 235 2772 ma
248 2716 316 2773 mal'
331 2717 454 2774 enemia.

188 2819 270 2878 eges
285 2801 364 2860 aitan
380 2801 415 2860 de
426 2802 529 2861 bontat

187 2904 255 2942 nom
270 2886 478 2959 demostraria,

187 2988 274 3046 quem
288 2970 332 3030 fes
347 2990 428 3030 amor
441 2971 478 3028 de
493 2971 613 3040 conhat,

188 3055 274 3130 qu’ab
289 3063 340 3114 tan
351 3059 386 3131 ja
398 3055 499 3116 viuria.

186 3133 286 3216 qu'om
301 3140 450 3212 sofraitos,
466 3159 522 3217 que
536 3140 648 3200 d'amor
661 3160 680 3198 a
693 3141 786 3212 talen,

188 3243 221 3284 so
235 3243 293 3301 que
304 3223 365 3282 s‘en
380 3235 432 3303 pot
445 3246 527 3296 aver,
543 3244 595 3284 aco
610 3219 674 3284 s’en
688 3247 775 3303 pren:

188 3318 217 3367 et
232 3329 268 3367 eu
283 3318 384 3370 estauc
398 3331 434 3370 en
449 3312 571 3371 atrestal
586 3311 718 3370 balanna.

187 3413 252 3454 mas
268 3414 304 3454 en
320 3396 384 3454 bon’
401 3397 540 3455 esmenda
554 3389 614 3455 n’ai
628 3413 800 3473 esperansa‚

188 3497 274 3555 quem
290 3499 407 3540 socorra
420 3481 457 3539 de
470 3482 516 3541 las
530 3499 622 3558 penas
637 3482 763 3558 d’amor‚

134 3609 140 3620 .
188 3582 244 3640 que
259 3565 339 3625 valer
353 3565 409 3624 deu
423 3561 520 3624 domn’
536 3586 554 3626 a
568 3585 623 3626 son
637 3568 776 3627 servidor.
