2520 4216
707 273 741 327 68

350 439 431 499 Aissi
446 433 522 496 m'en
539 438 585 496 sui
598 440 689 517 gitatz
705 457 723 494 a
738 456 775 495 no
790 432 867 494 m'en
884 437 944 506 cal,

351 544 415 582 eum
430 525 459 581 lo
474 523 599 600 volpilhs
615 541 671 598 que
687 517 800 582 s’oblid'
817 521 941 598 afugit,

351 628 407 685 que
421 629 459 667 no
474 603 572 666 s’auza
588 617 689 667 tornar
703 608 748 666 nis
764 615 815 684 pot
828 607 948 684 gaudit,

350 714 427 771 quan
443 689 627 752 l'encausson
643 693 686 752 sei
701 692 815 750 anemio
829 692 946 750 mortal.

350 781 401 838 noi
415 779 459 838 sai
475 787 575 838 conort
589 796 653 836 mas
668 777 755 853 aquel
770 777 818 835 del
829 780 931 852 juzeu,

350 883 422 940 que,
437 864 494 922 sim
508 863 548 921 fai
563 865 635 933 mal,
651 863 692 921 fai
706 863 735 921 lo
750 863 787 922 ad
803 862 846 921 eis
861 863 890 920 lo
907 880 975 931 seu3

350 951 423 1008 nissi
438 967 502 1006 cum
518 949 563 1006 cel
577 944 646 1024 qu’a
661 950 747 1007 orbas
763 966 795 1006 se
810 947 910 1016 defen,

350 1037 378 1092 ai
393 1043 436 1092 tot
450 1035 569 1110 perdat,
585 1035 615 1091 la
628 1030 698 1092 fors’
714 1053 730 1090 e
744 1031 906 1091 l’ardimen.

349 1205 450 1264 Dones
466 1224 522 1281 que
537 1203 631 1262 farai?
647 1203 765 1262 sufrirai
780 1223 833 1280 per
847 1204 934 1273 aital,

350 1291 478 1366 ool'pres
493 1290 647 1357 destreitz,
665 1289 711 1346 cui
725 1308 798 1346 aven
813 1307 831 1346 a
845 1288 933 1348 sufrir

350 1393 406 1450 que
421 1376 443 1432 li
458 1375 497 1432 fai
513 1375 586 1444 mal,
602 1393 665 1433 mas
679 1375 736 1432 ben
752 1392 859 1450 saupra
873 1374 970 1451 grazir

350 1461 430 1535 quim
444 1460 522 1532 fezes
537 1460 593 1517 ben
609 1477 645 1516 en
661 1460 708 1517 loc
722 1454 827 1516 d'amic
842 1459 921 1533 lejal.

351 1563 425 1620 quar
439 1540 501 1603 s'eu
515 1545 649 1622 volgum,
666 1545 785 1614 domna,
802 1561 855 1620 per
868 1543 963 1601 autrui
978 1542 1029 1600 feu

349 1630 456 1688 honrat
469 1630 569 1706 plazer
582 1649 652 1708 agra
666 1629 801 1704 conquist
815 1647 852 1686 en
868 1631 953 1687 brou:

349 1734 413 1774 mas
429 1734 476 1774 res
491 1733 539 1773 ses
554 1734 605 1773 vos
620 1734 687 1773 nom
702 1723 754 1790 pot
768 1733 851 1774 esser
863 1715 968 1790 pluen

350 1801 382 1857 ni
397 1800 434 1857 de
449 1817 500 1858 ren
514 1801 542 1858 al
558 1819 633 1878 gaug
648 1799 742 1858 entier
756 1819 814 1858 non
829 1807 907 1856 aten.

350 1969 408 2028 Lai
422 1970 467 2027 vir
480 1990 547 2028 mon
562 1972 650 2028 ehant
664 1970 694 2028 al
708 1969 751 2026 rei
767 1969 914 2037 celestial‚

352 2055 398 2111 cui
413 2055 514 2114 devem
530 2064 580 2134 tug
595 2074 682 2112 onrar
696 2063 726 2112 et
741 2055 854 2123 obezir,

350 2147 380 2195 et
395 2157 427 2197 es
442 2140 478 2198 be
493 2141 585 2198 dreitz
602 2159 658 2214 que
673 2135 780 2198 l'anem
795 2139 836 2196 lai
851 2139 944 2197 servir

351 2243 389 2282 on
404 2241 592 2298 conquerrem
607 2225 637 2282 la
651 2221 708 2282 vid'
724 2225 873 2300 esperital.

350 2308 419 2384 quel
434 2305 553 2367 Sarrazi
568 2309 691 2384 deslejal
706 2310 829 2368 canineu

349 2387 410 2450 l'an
425 2400 487 2451 tout
502 2413 554 2453 son
569 2392 648 2472 regn'
664 2414 680 2452 e
695 2395 837 2453 destruita
851 2413 885 2452 sa
899 2394 984 2470 plen,

350 2496 406 2552 que
422 2479 496 2536 sazit
511 2497 548 2536 an
565 2479 594 2537 la
609 2488 687 2537 crotz
703 2481 730 2536 el
745 2497 917 2538 monumen:

350 2564 406 2621 don
423 2563 524 2622 devem
539 2573 590 2643 tug
604 2583 673 2623 aver
685 2580 759 2642 gran
774 2583 910 2641 espaven.

351 2732 439 2792 Coms
454 2733 490 2792 de
505 2734 638 2803 Peiteus,
654 2734 690 2791 de
705 2751 757 2792 vos
772 2734 812 2792 mi
828 2735 903 2792 clam
918 2752 935 2792 a
950 2734 1008 2792 deu

350 2837 366 2874 e
382 2818 452 2877 deus
468 2837 486 2876 a
500 2839 546 2876 me
560 2837 614 2895 per
627 2820 714 2894 aquel
729 2819 772 2877 eis
789 2837 894 2889 coven,

351 2903 378 2960 el
394 2902 430 2960 de
445 2922 479 2962 sa
494 2913 572 2962 crotz
588 2912 618 2961 et
633 2923 669 2962 eu
684 2904 720 2961 de
735 2923 802 2963 mon
816 2923 915 2982 argen.

352 3070 440 3130 Come
454 3073 491 3130 de
504 3072 641 3144 Peiteus,
656 3073 721 3132 bele
736 3074 857 3143 senher,
874 3091 925 3132 vos
940 3081 970 3130 et
984 3091 1022 3132 eu

350 3175 433 3214 avem
447 3157 476 3215 lo
491 3166 572 3234 pretz
586 3159 623 3217 de
637 3165 699 3216 tota
713 3152 818 3216 l'autra
832 3177 903 3236 gen,

351 3259 402 3300 vos
417 3241 453 3300 de
468 3243 523 3300 ben
538 3242 583 3302 far
597 3251 627 3302 et
642 3263 677 3302 eu
692 3243 728 3301 de
742 3243 788 3302 dir
802 3245 830 3302 lo
845 3263 911 3321 gen.
