2520 4216
703 218 737 270 30

466 376 549 458 qu'er
562 399 600 438 an
616 382 706 438 Artus
722 379 742 436 li
757 378 860 444 Breto,

468 487 505 525 on
520 467 604 523 avian
620 466 665 522 lor
679 465 832 540 plevensa:

468 562 497 610 et
512 571 547 608 eu
562 570 615 627 per
628 551 695 608 lonc
709 567 827 623 esperar

467 637 496 695 ai
512 635 647 710 conquist
661 635 699 692 ab
712 653 783 710 gran
800 633 923 690 doussor

468 723 496 781 lo
511 721 575 780 bais
591 739 646 795 que
660 719 739 778 forsa
754 713 865 776 d'amor

468 827 515 865 me
529 807 587 864 fetz
602 825 620 862 a
634 804 674 861 mi
690 804 762 861 dons
778 803 898 870 embla1·,

469 887 585 968 qu'eras
600 892 659 948 lom
674 883 761 946 denh’
776 889 913 961 autrejar.

468 1063 538 1122 Bels
549 1061 697 1129 Rainier8‚
708 1079 761 1134 per
772 1077 819 1114 ma
830 1075 977 1127 crezensa,

470 1165 542 1214 nous
558 1146 603 1204 sai
617 1165 671 1220 par
685 1145 715 1200 ni
730 1144 906 1218 companho,

470 1252 542 1308 quar
557 1232 612 1287 tuit
627 1230 648 1286 li
664 1229 747 1286 valen
763 1231 833 1288 baro

469 1317 557 1374 valon
572 1323 635 1376 sotz
651 1322 749 1372 vostra
763 1302 891 1371 valensa.

471 1421 486 1457 e
501 1420 554 1478 pos
570 1400 640 1457 deus
656 1419 707 1457 vos
722 1399 779 1455 fetz
794 1417 842 1456 ses
859 1417 911 1472 par

472 1506 523 1544 eus
539 1487 587 1544 det
602 1485 641 1542 mi
658 1503 710 1560 per
724 1483 865 1557 servid0r‚

472 1570 591 1628 servirai
607 1588 658 1626 vos
673 1569 709 1626 de
728 1569 828 1626 lauzor

472 1677 487 1714 e
503 1652 578 1714 d'als
593 1663 685 1729 quant
701 1674 716 1711 ο
732 1653 824 1729 poirai
840 1651 893 1721 far,

472 1742 535 1801 bels
551 1741 702 1807 Rainiers,
719 1757 768 1795 car
783 1747 828 1796 etz
844 1757 892 1795 ses
904 1757 966 1812 par.

703 1997 750 2052 14.

471 2156 546 2230 Bem
564 2183 617 2240 pac
632 2159 743 2220 d'ivern
758 2181 773 2220 e
790 2156 895 2220 d'estiu

473 2270 489 2307 e
505 2253 540 2308 de
556 2251 628 2306 fretz
644 2249 711 2306 ede
727 2248 837 2316 calore,

473 2343 502 2392 et
518 2356 564 2392 am
581 2353 653 2392 neus
669 2333 748 2390 airan
765 2352 829 2390 cum
845 2333 913 2392 flore

473 2441 489 2478 e
504 2442 556 2497 pro
572 2429 647 2478 mort
664 2419 738 2476 mais
753 2413 868 2493 qu'avol
886 2417 946 2474 viu:

473 2502 662 2581 qu'enaissim
679 2514 725 2560 ten
742 2501 867 2560 essorsiu

474 2613 490 2649 e
504 2593 551 2669 gai
565 2593 669 2665 jovens
685 2596 714 2645 et
728 2606 835 2645 amors.

474 2697 490 2734 e
505 2697 577 2752 quar
591 2696 638 2732 am
653 2675 758 2732 domna
775 2673 891 2742 nevela,

475 2762 646 2822 sobravinen
663 2780 678 2816 e
694 2759 761 2834 plus
777 2758 857 2827 bela,

473 2868 574 2923 parom
591 2864 674 2904 rozas
691 2853 773 2900 entre
787 2843 834 2919 gel

475 2952 490 2989 e
506 2933 583 2990 olars
598 2941 693 3005 temps
709 2930 745 2986 ab
762 2928 856 2986 trebol
871 2927 925 2998 gel.

475 3102 525 3159 Ma
539 3097 634 3158 domn'
650 3119 669 3155 a
682 3107 764 3174 pretz
780 3096 889 3156 soloriu

475 3188 568 3243 denan
585 3185 636 3244 mil
652 3184 865 3250 combatedors,

476 3291 492 3328 e
507 3271 634 3329 contrals
650 3269 706 3328 fals
723 3268 877 3326 fenhedors

476 3365 524 3412 ten
542 3356 660 3412 establit
677 3352 875 3428 Montesquiu:

476 3461 529 3517 per
543 3435 620 3514 qu'al
637 3459 688 3498 seu
704 3438 746 3496 rio
760 3436 896 3496 senboriu

476 3525 658 3600 lauzengiers
672 3544 710 3582 no
726 3532 777 3600 pot
790 3522 837 3580 far
850 3539 929 3590 cors,
