2552 4214
756 219 786 272 16

670 293 873 304 —u———u--n—

464 373 632 457 qnu'amors
648 399 700 438 ous
715 400 734 438 a
748 380 865 450 toeada,

464 485 528 525 mas
543 465 583 523 mi
596 473 648 523 ten
663 485 698 523 en
714 466 756 523 tal
771 465 873 532 lauba,

465 551 501 608 de
515 569 572 627 que
586 551 688 627 ploron
704 569 793 608 soven
808 550 864 607 mei
879 550 942 620 olh,

466 636 491 694 si
506 654 562 711 que
576 636 607 693 la
621 630 678 693 car'
695 636 723 692 el
737 635 815 711 peitz
831 629 908 692 m'en
922 635 1012 695 molh.

464 740 536 798 gran
550 720 670 779 mestier
683 713 761 777 m’en
776 739 847 797 agra
862 735 962 780 socors

465 799 586 864 d’amies
602 825 618 864 ο
633 806 669 862 de
683 805 905 874 mantenedors,

465 908 537 966 quar
551 909 607 948 ano
620 909 658 948 no
672 891 722 948 fon
737 898 860 965 sauputz
875 907 938 948 mos
954 909 1036 961 vers,

465 977 521 1033 sim
536 984 584 1033 ten
599 983 748 1032 amezurat
763 984 884 1032 temers:

465 1069 515 1118 tan
529 1079 581 1119 vos
596 1080 642 1118 am
658 1060 694 1117 de
709 1079 758 1118 cor
773 1079 789 1117 e
803 1060 840 1117 de
855 1059 898 1128 fe,

466 1164 521 1220 que
536 1146 607 1203 nulh
621 1146 697 1202 amic
711 1145 747 1202 de
762 1163 813 1203 vos
828 1165 886 1201 non
901 1163 959 1202 cre.

467 1313 548 1387 Quar
561 1314 629 1389 plus
644 1308 766 1389 qu'obra
780 1308 921 1372 d'aranha

465 1417 523 1456 non
538 1406 590 1474 pot
604 1417 673 1456 aver
688 1398 800 1456 durada

465 1501 577 1550 amors,
592 1501 645 1558 pos
661 1501 692 1541 es
708 1485 832 1558 proada,

465 1562 553 1643 qu'ap
569 1567 629 1624 ditz
643 1563 725 1625 daur’
741 1577 771 1626 et
785 1568 914 1644 aplanha

464 1643 506 1710 tal
521 1647 601 1728 qu'al
615 1671 665 1711 cor
679 1653 715 1711 de
728 1654 809 1710 vilan
824 1653 938 1711 escolh:

464 1756 517 1815 per
531 1732 617 1812 qu'eu
630 1736 689 1794 fatz
704 1733 864 1813 d'Aurenja
877 1735 1024 1808 Nantolh,

465 1822 548 1899 quels
563 1823 629 1898 plus
645 1830 740 1881 cortes
755 1823 800 1880 vei
815 1823 879 1880 neis
893 1825 991 1898 pejore

466 1926 515 1966 ves
531 1909 652 1966 domnas
668 1927 684 1965 e
699 1927 749 1966 ves
764 1907 909 1966 amadors.

464 2012 518 2069 per
532 2010 588 2067 que
603 1993 650 2050 val
664 1993 740 2050 mais
754 1995 808 2052 bos
822 1993 975 2051 absteners

466 2095 522 2151 que
535 2077 577 2134 fol
591 2079 721 2154 parlars,
736 2097 799 2136 mas
814 2078 879 2136 bels
894 2095 995 2152 parere

465 2162 532 2218 volh
546 2161 593 2219 far
606 2162 651 2220 als
666 2181 752 2238 pros,
767 2180 844 2237 quan
859 2157 1005 2232 s'esdeve,

465 2265 528 2304 mas
543 2247 592 2304 del
606 2266 656 2304 ver
670 2256 736 2306 tenc
749 2242 824 2305 l’air'
840 2267 857 2304 e
871 2241 949 2304 l'ale.

465 2415 597 2486 Domna,
613 2417 684 2474 deus
699 2412 782 2491 qu'es
796 2417 883 2492 lejals
898 2435 915 2474 e
929 2433 995 2474 vers

465 2519 516 2560 vos
531 2520 549 2557 a
563 2501 613 2558 dat
627 2510 709 2577 pretz
724 2503 848 2560 honore
862 2502 898 2559 bo

465 2604 518 2662 pro
533 2585 606 2644 mais
620 2604 677 2661 que
691 2605 751 2644 non
765 2594 864 2644 reteno
877 2586 915 2643 ab
930 2604 972 2644 se.

467 2755 532 2829 Que
545 2755 656 2812 mainta
670 2774 741 2832 gens
756 2755 815 2812 ditz
830 2756 866 2813 de
881 2773 933 2814 vos
947 2756 998 2825 be,

465 2859 522 2916 que
536 2840 577 2898 lui
592 2859 699 2918 renega
713 2859 730 2898 e
744 2858 865 2898 mesore.

758 3088 787 3151 6.

466 3247 526 3322 Ges
540 3263 589 3339 pel
604 3270 698 3339 temps
712 3261 757 3320 fer
770 3282 787 3320 e
801 3263 888 3334 brau,

466 3343 601 3422 qu'adutz
617 3349 754 3424 tempiers
770 3366 887 3424 eveus,

465 3432 523 3490 don
537 3433 648 3491 torbals
663 3432 791 3492 elemens

466 3535 483 3576 e
496 3517 538 3574 fal
552 3517 597 3575 cel
611 3520 685 3576 brun
700 3537 716 3575 e
730 3518 812 3589 blau,
