2538 4214
724 231 758 284 78

324 413 387 453 mas
402 402 500 452 assatz
514 402 566 471 pot
580 394 729 454 concisser
742 413 810 452 mon
825 393 921 462 talan,

324 474 415 555 qu'ilh
431 498 463 538 es
477 479 507 537 la
521 497 568 537 res
584 476 670 553 qu’eu
684 480 712 537 el
726 498 794 538 mon
808 479 877 554 plus
892 477 1005 536 dezire.

324 584 340 622 e
355 584 408 640 per
422 558 529 624 s'amor
543 563 616 624 sofri
630 572 681 622 tan
696 583 768 642 greu
781 564 914 632 martire,

324 668 381 725 que
395 651 426 707 la
440 649 538 708 dolore
552 647 610 708 m’a
621 651 655 723 ja
668 649 717 707 del
731 657 775 708 tot
790 649 911 723 conquis

325 736 353 793 el
367 734 507 793 deziriers
523 753 609 810 quem
624 751 695 792 aura
709 742 769 792 tost
783 734 881 792 aucis:

325 828 354 878 et
368 820 416 877 a’n
429 839 503 898 gran
518 827 590 888 tort,
606 837 670 878 mas
685 838 721 876 eu
735 838 793 877 non
807 819 849 877 loi
864 837 916 876 aus
933 818 1004 876 dire.

324 991 351 1048 Ε
366 989 393 1048 si
407 1007 518 1048 merces
533 991 571 1048 ab
585 989 640 1048 leis
656 1008 702 1048 me
716 989 836 1066 vaignes
850 997 917 1063 tan,

324 1074 450 1150 qu'elam
465 1074 585 1152 volgues
600 1075 629 1133 lo
644 1093 697 1133 seu
711 1075 761 1132 bel
775 1093 840 1132 cors
856 1073 1006 1144 estendre,

320 1163 353 1235 ja
367 1179 421 1235 per
434 1160 508 1217 tirar
521 1177 590 1218 nom
604 1159 679 1216 seira
693 1158 895 1218 escoissendre

324 1245 360 1302 de
374 1252 434 1303 tost
448 1245 531 1302 venir
545 1243 705 1302 humilmen
720 1246 868 1318 mercejan

324 1347 376 1388 vas
390 1329 446 1387 leis
461 1347 518 1404 que
533 1328 590 1386 m'a
603 1337 711 1387 trastot
725 1347 761 1386 en
778 1347 832 1387 son
847 1347 963 1398 coman,

324 1431 410 1489 quem
422 1422 475 1490 pot
489 1414 581 1471 donar
591 1415 634 1488 joi
650 1433 666 1472 ο
681 1414 729 1471 del
739 1415 788 1472 ‘tot
801 1414 913 1483 aucire,

324 1516 381 1573 que
395 1518 454 1556 non
468 1499 497 1556 ai
510 1517 563 1576 ges
578 1499 670 1574 podet
683 1496 831 1574 qu’alhors
846 1517 893 1556 me
907 1498 967 1556 vire
975 1516 984 1566 ;

325 1603 341 1641 e
356 1584 395 1643 sil
409 1583 530 1660 plagues
546 1601 603 1659 que
617 1603 686 1662 pres
702 1584 738 1641 de
753 1584 780 1642 si
795 1579 922 1652 m’aizis‚

324 1671 391 1727 bem
406 1678 472 1726 tenc
486 1687 539 1746 per
554 1687 620 1740 seu,
637 1689 699 1728 mas
714 1669 809 1728 melhs
824 1666 933 1746 m'agra
948 1667 1086 1743 conquis‚

326 1773 341 1811 e
356 1753 459 1812 feiram
474 1754 516 1812 rie
531 1773 547 1811 e
562 1754 598 1812 de
612 1774 684 1832 gran
695 1754 739 1829 joi
750 1755 873 1829 jauzire.

324 1925 363 1982 Al
377 1943 430 1999 pro
445 1942 595 1999 mamnes,
614 1942 688 2000 quar
702 1933 783 2000 pretz
798 1942 815 1979 e
828 1923 911 1981 valor
924 1941 998 2000 gran

324 2018 443 2067 mantea
458 2028 474 2066 e
490 2027 543 2085 sap
557 2028 613 2086 gen
628 2008 720 2066 donar
735 2029 751 2066 e
767 2007 943 2084 despendre,

326 2113 341 2152 e
357 2113 405 2154 sos
420 2094 478 2152 ries
492 2101 575 2170 pretz
589 2094 629 2150 fai
644 2094 689 2152 los
704 2102 802 2153 autres
817 2093 1000 2162 deissendre,

325 2198 376 2238 vas
391 2177 567 2247 Monferrat,
583 2180 777 2247 chansoneta,
792 2186 920 2236 temam

325 2263 394 2338 quel
408 2282 461 2322 seu
475 2263 518 2319 ric
531 2261 586 2319 fait
601 2282 655 2320 son
670 2263 734 2321 dels
749 2272 848 2321 autres
863 2263 939 2321 trian

325 2367 342 2406 e
356 2367 410 2425 per
422 2347 579 2405 melhorvlo
593 2355 646 2423 pot
660 2367 705 2405 om
722 2349 777 2406 ben
792 2349 895 2417 eslire,

325 2430 402 2510 qu'el
417 2451 449 2491 es
465 2433 494 2490 la
507 2433 577 2492 flers
593 2433 629 2490 de
644 2441 717 2503 totz,
734 2452 752 2491 a
767 2434 812 2490 eui
828 2451 885 2509 que
900 2433 970 2502 tire,

326 2537 342 2576 e
357 2518 393 2576 de
409 2527 468 2576 totz
483 2519 534 2577 bes
550 2535 742 2578 comensansa
756 2538 772 2575 e
786 2519 832 2576 fis.

326 2623 342 2661 e
357 2602 453 2664 s’aissi
468 2603 513 2662 fos
529 2622 594 2662 cum
609 2623 646 2660 eu
661 2604 728 2661 volh
742 2603 773 2661 ni
788 2603 884 2672 devie,

326 2707 433 2748 corona
447 2683 565 2748 d'aurli
580 2683 633 2746 vir’
649 2690 675 2747 el
692 2707 746 2765 cap
760 2689 863 2748 assire.

717 2945 767 3002 43.

328 3096 397 3172 S’eu
411 3113 455 3172 fos
471 3133 507 3170 en
523 3121 636 3173 cortou
651 3114 720 3171 hom
735 3122 857 3190 tengues
873 3112 1015 3182 dreitura,

325 3198 362 3255 de
376 3217 425 3256 ma
439 3198 559 3268 domna,
576 3198 647 3257 sitot
661 3194 720 3258 s'es
736 3196 801 3257 bon'
818 3219 833 3256 e
849 3198 929 3268 bela,

325 3302 372 3341 me
387 3284 529 3356 clamem,
544 3281 611 3360 qu'a
625 3292 675 3342 tan
689 3302 762 3360 gran
777 3292 837 3341 tort
851 3283 890 3339 mi
906 3301 992 3341 mena

325 3385 382 3444 que
396 3387 463 3427 nom
479 3376 547 3426 aten
562 3370 640 3446 plevi
655 3368 687 3426 ni
702 3369 866 3427 covinensa.

326 3473 342 3510 e
356 3454 447 3512 dones
460 3473 514 3530 per
527 3471 614 3528 quem
627 3461 740 3529 promet
754 3471 788 3512 so
802 3472 859 3528 que
874 3471 942 3511 nom
958 3451 1053 3510 dona?

236 3585 244 3594 .
325 3557 363 3598 no
378 3545 436 3596 tem
452 3545 554 3616 peccat
568 3538 600 3596 ni
614 3557 668 3614 sap
683 3557 739 3614 que
754 3539 812 3598 s'es
827 3538 987 3614 vergonha:
