2538 4214
751 287 786 341 84

414 452 473 509 ben
484 453 535 526 aja
548 449 592 508 cel
605 467 693 526 quem
707 449 811 520 noirit,

413 555 431 595 e
444 535 530 606 deus,
545 552 620 612 quar
634 553 671 592 eu
684 535 730 593 sui
744 535 845 604 aitals,

413 639 470 697 que
483 621 536 679 mil
550 621 645 680 salutz
660 619 700 677 mi
714 639 808 678 venon
822 636 929 679 cascun
944 618 993 677 dia

412 707 450 764 de
465 702 628 764 catalonha
642 723 658 762 e
672 705 708 762 de
721 703 914 775 Lombardia,

412 808 486 866 quar
498 810 518 849 a
530 798 591 848 totz
602 792 687 864 jorns
701 791 770 866 poja
782 808 846 848 mos
860 799 943 866 pretz
957 808 974 846 e
988 789 1081 860 oreis,

413 893 487 953 quar
499 893 553 952 per
566 895 606 933 un
620 892 696 952 pauo
709 894 747 932 no
762 893 826 932 mor
840 873 984 949 d’envejal
998 875 1075 945 reis,

413 979 487 1037 quar
500 961 538 1020 ab
551 961 674 1020 domnas
687 959 754 1017 fauo
768 977 836 1017 mon
850 966 915 1036 trop
930 977 947 1016 e
960 977 1029 1017 mon
1041 962 1104 1034 joe·

412 1128 476 1189 Bon
491 1147 523 1188 es
537 1137 623 1206 prout
638 1136 667 1186 et
681 1129 759 1186 auzit

413 1232 479 1272 cum
493 1232 529 1271 eu
543 1214 589 1273 eui
602 1233 671 1291 pros
687 1233 703 1271 e
718 1214 833 1285 cabals,

413 1318 429 1357 e
443 1318 497 1376 pos
512 1299 584 1357 deus
598 1299 656 1358 m’a
671 1298 812 1375 euriquit,

413 1401 466 1442 nos
481 1384 554 1442 tanh
568 1383 655 1458 qu'eu
669 1383 715 1442 sia
729 1384 839 1443 venals.

413 1486 466 1526 oen
481 1469 602 1528 domnas
617 1469 662 1527 sai
676 1485 733 1544 que
747 1486 901 1528 cascanum
915 1469 1008 1527 voln'a

412 1560 495 1611 tener
509 1555 547 1612 ab
562 1569 608 1625 se,
625 1553 651 1612 si
665 1572 735 1611 aver
747 1571 795 1611 me
808 1554 910 1630 podia:

412 1656 476 1698 mas
491 1657 528 1697 eu
542 1639 588 1698 sui
603 1637 647 1696 cel
662 1637 766 1714 qu'ane
779 1657 848 1697 nom
861 1639 948 1716 gabei
962 1641 1023 1696 nim
1037 1638 1096 1698 fois

412 1723 443 1781 ni
457 1723 555 1801 volgui
569 1731 634 1800 trop
648 1724 747 1800 parlar
761 1723 797 1781 de
810 1723 851 1780 mi
865 1725 991 1799 mezeis,

412 1827 476 1868 mas
490 1809 611 1868 domnas
625 1809 689 1867 bais
705 1827 721 1865 e
736 1808 877 1867 cavaliers
891 1808 1004 1868 desroc.

412 1979 508 2037 Maint
521 1979 580 2037 bon
593 1978 687 2037 tornei
701 1977 730 2035 ai
743 1978 834 2054 partit

397 2084 399 2088 ¹
412 2063 478 2140 pels
492 2062 573 2139 colps
588 2063 674 2139 qu’eu
687 2064 741 2122 fier
755 2071 805 2121 tan
820 2063 958 2140 monals,

413 2147 498 2222 qu’en
513 2148 612 2206 loono
627 2167 681 2206 vau
696 2149 793 2223 qu'om
807 2168 845 2206 no
860 2149 929 2206 orit:

412 2250 446 2291 so
460 2250 493 2292 es
508 2249 544 2288 en
557 2233 644 2292 Peire
655 2232 773 2302 Vidals,

412 2316 458 2374 cel
472 2316 523 2391 qui
536 2325 634 2375 manto
654 2317 769 2375 domnei
784 2336 800 2374 e
814 2317 952 2377 drudaria

413 2401 474 2460 esa
488 2420 544 2477 que
558 2420 627 2478 pros
642 2421 695 2480 per
709 2421 791 2460 amor
804 2402 841 2460 de
856 2403 959 2461 s’amia

413 2494 442 2544 et
456 2506 523 2546 ama
535 2488 611 2547 mais
625 2487 788 2546 batalhase
802 2489 912 2547 torneis

412 2589 469 2648 que
483 2591 603 2650 monges
618 2580 702 2649 patz,
718 2591 734 2629 e
749 2573 872 2630 semblal
886 2573 1026 2632 malaveis

411 2664 477 2734 trop
492 2659 626 2732 sojornar
640 2665 669 2715 et
683 2663 763 2716 estat
775 2676 812 2714 en
826 2677 865 2715 un
880 2656 935 2716 loc.

411 2826 485 2885 Plus
499 2845 555 2902 que
570 2845 608 2885 no
622 2836 674 2903 pot
688 2845 735 2886 ses
750 2827 817 2906 aiga
829 2828 923 2886 viurel
936 2827 1015 2904 peiS,

413 2929 450 2968 no
465 2920 516 2987 pot
530 2929 612 2971 esser
626 2929 674 2970 ses
688 2912 870 2991 lauzengiers
885 2912 1035 2984 domneis‚

411 3013 465 3070 per
478 2993 660 3073 qu'amadors
676 3013 813 3073 compton
829 3004 894 3074 trop
909 3015 958 3056 ear
972 2997 1017 3056 lor
1028 2998 1088 3071 joe.

742 3302 791 3361 46.

411 3487 477 3562 Bon
491 3506 540 3578 aja
553 3523 602 3575 eu,
617 3523 692 3581 quar
705 3505 750 3564 sai
764 3505 860 3566 cobrir

411 3588 530 3668 alegran
543 3608 591 3647 ma
605 3589 695 3648 dolor.
