2520 4216
736 279 770 330 40

447 419 572 504 Tant⁵es
586 439 694 498 doussa
707 459 760 515 per
773 459 854 498 amar

448 545 464 582 e
479 525 545 582 bela
559 545 612 602 per
626 526 748 583 remirar

448 629 464 668 e
480 604 585 668 eortez'
602 630 618 668 e
633 601 817 680 o'onoissens,

448 696 474 753 si
489 689 584 771 qu'als
599 715 667 772 pros
684 697 713 753 et
727 696 772 754 als
788 697 888 755 valens

447 781 483 838 de
499 781 564 839 bela
579 781 676 857 paria,

448 883 504 941 que
520 867 545 924 si
561 885 611 923 ver
625 866 716 936 dizia‚

448 951 476 1008 el
492 971 559 1009 mon
573 970 632 1009 non
646 951 729 1009 auria
742 970 808 1026 par:

447 1055 511 1096 mas
525 1036 611 1094 fraitz
626 1031 685 1094 m'a
699 1037 756 1094 tals
771 1037 825 1093 mil
839 1054 958 1109 vovens,

448 1141 518 1197 que,
535 1117 601 1179 s'un
616 1121 661 1179 sol
675 1121 752 1179 m’en
767 1121 898 1192 atendia‚

449 1215 540 1265 estort
556 1226 571 1265 e
586 1207 662 1284 garit
676 1203 805 1264 m'auria.

447 1375 496 1434 Na
507 1375 629 1451 Vierna,
645 1394 710 1434 cum
725 1395 782 1451 que
797 1379 855 1447 sia,

449 1479 485 1518 eu
500 1462 545 1520 sui
561 1471 673 1520 vostres
689 1471 751 1520 tota
764 1463 820 1521 via.

730 1667 778 1725 20.

449 1788 512 1862 Tan
527 1803 568 1861 mi
583 1804 664 1880 platz
748 1802 806 1877 jois
822 1804 946 1861 esolatz

450 1883 559 1946 d'omes
576 1897 692 1958 onratz,
778 1907 833 1964 per
846 1886 931 1963 qu’eu
945 1887 1006 1946 fatz'

448 1973 490 2031 tal
506 1975 614 2032 chanso
630 1976 721 2043 viatz,

449 2061 501 2118 bos
517 2058 590 2129 reis,
606 2076 661 2133 que
676 2076 745 2135 pree
759 2058 977 2135 qu'aprendatz.

449 2163 465 2201 e
480 2142 535 2202 sim
550 2144 723 2201 demandatz

449 2237 499 2286 tan
514 2238 617 2288 soven:
634 2249 687 2304 per
701 2247 758 2305 que
773 2228 928 2287 chantatz?

449 2331 544 2373 cares
560 2315 657 2372 enoitz
672 2314 716 2372 als
731 2315 857 2372 malvatz

449 2417 465 2456 e
479 2417 571 2478 gaugz
587 2419 604 2456 a
618 2417 672 2457 nos
688 2407 833 2457 envezatz.

448 2571 475 2629 Ε
492 2571 646 2647 sapchatz,
734 2569 797 2627 s'eu
810 2569 856 2628 fos
870 2577 985 2641 amatz,

358 2658 361 2663 ’
449 2673 505 2730 que
520 2653 678 2713 n'auziratz
764 2663 907 2713 esmeratz

450 2741 617 2798 chantaretz
632 2747 759 2818 prezatz.

449 2823 549 2902 qu'era
563 2844 619 2900 que
634 2825 681 2883 sui
694 2825 886 2895 malmenatz‚

411 2921 413 2928 ’
448 2910 507 2968 satz
522 2910 713 2968 meravilhatz

449 3004 526 3054 motz
541 2997 578 3054 ab
594 3015 627 3054 us
643 3003 743 3054 sonetz
758 2995 892 3065 dauratz,

449 3099 465 3137 e
481 3100 518 3139 no
533 3078 609 3140 m’en
624 3081 672 3138 val
687 3081 823 3138 amistatz

450 3165 480 3221 ni
495 3185 532 3224 no
547 3167 622 3224 chan
637 3184 700 3224 mas
716 3166 752 3223 de
766 3172 892 3242 percatz.

451 3331 523 3392 Oors
539 3335 669 3413 delgatz,
755 3355 811 3413 gen
825 3334 1003 3412 saissonatz,

449 3438 544 3477 merce
559 3416 677 3496 n'ajatz.
763 3421 892 3491 Pietatz‚

396 3511 403 3514 “
449 3522 501 3562 vos
516 3505 564 3561 lan
581 3506 764 3576 eonselhatz,

449 3608 506 3666 que
520 3589 658 3648 destreitz
674 3591 718 3650 sui
734 3610 750 3648 e
765 3593 892 3650 cochatz.
