2552 4214
501 221 517 272 3

53 401 106 458 que
121 383 158 440 de
172 382 226 441 leis
241 399 298 439 non
315 381 382 439 avia
395 389 465 458 ugut
478 399 573 458 negun
586 380 739 458 guizardo,

177 485 240 526 mas
255 485 293 523 un
309 467 383 542 petit
397 466 483 524 cordo

177 553 203 611 si
217 551 311 629 sigui,
398 549 484 626 qu’un
499 551 570 608 mati

177 637 265 695 intrei
280 635 346 694 dine
362 654 396 694 sa
410 636 503 693 maizo

177 723 226 779 elh
243 721 336 780 baizei
350 740 369 778 a
384 721 457 779 lairo

178 807 207 866 la
221 808 295 866 boen
309 807 336 864 el
351 814 456 866 mento.

58 889 93 948 Et
106 909 140 949 en
156 900 240 950 autre
254 892 301 949 loo
315 892 342 948 el
357 892 416 950 dis:

176 977 250 1035 Plus
265 977 385 1034 honratz
469 976 533 1036 fora
547 973 642 1050 qu'om
658 983 739 1046 natz,

178 1061 216 1119 sil
232 1061 295 1119 bais
311 1063 436 1121 emblatz
521 1061 560 1118 mi
575 1061 619 1120 fos
634 1062 701 1119 datz

178 1165 195 1203 o
211 1146 276 1204 nois
291 1148 443 1221 autrejatz.

61 1229 96 1288 Et
108 1249 143 1288 en
158 1239 241 1290 antra
256 1232 365 1290 chanso
380 1232 407 1289 el
422 1231 483 1288 dis:

178 1316 249 1374 Bem
265 1318 316 1374 bat
331 1335 427 1374 amors
442 1316 479 1372 ab
494 1315 538 1373 las
553 1334 656 1392 vergas
672 1314 757 1390 qu'eu
772 1317 852 1386 colb,

178 1419 228 1458 car
241 1420 299 1458 una
314 1409 377 1458 vetz
392 1420 428 1457 en
444 1419 497 1458 son
513 1402 583 1475 rejal
600 1401 723 1477 capdolh
992 1413 1016 1450 ⁸0

178 1483 304 1543 l’emblei
320 1506 358 1542 un
373 1485 453 1560 baie,
468 1485 525 1542 don
541 1495 591 1544 tan
606 1486 663 1544 fort
678 1487 717 1543 mi
734 1505 815 1544 sove:

178 1570 222 1627 ai!
237 1579 286 1628 tan
302 1571 361 1628 mal
376 1571 424 1627 viu
439 1571 487 1646 qui
504 1589 537 1628 so
551 1568 667 1645 qu'ama
681 1591 717 1628 no
733 1589 777 1629 ve.

117 1655 194 1714 Aissi
215 1663 291 1714 estet
310 1655 399 1733 longa
419 1674 486 1712 sazo
507 1663 590 1712 outra
610 1675 685 1724 mar,
707 1673 764 1730 que
782 1674 841 1712 non
856 1674 966 1714 auzava

64 1739 136 1796 venir
152 1739 181 1796 ni
202 1748 303 1798 tornat
323 1760 358 1797 en
378 1741 518 1799 Proensa.
554 1739 610 1798 E’n
630 1739 750 1797 Barrals
772 1757 828 1814 que
846 1740 869 1796 li
889 1741 967 1798 volis

65 1820 133 1880 aitan
149 1825 250 1895 debe,
267 1843 329 1883 com
345 1833 427 1884 avetz
442 1825 535 1893 auzit,
552 1825 578 1883 si
593 1832 713 1902 preguet
728 1833 779 1881 tan
795 1843 829 1882 sa
843 1825 964 1896 molber,
991 1836 1015 1874 ⁸5

66 1905 148 1980 qu¹ela
163 1910 182 1967 li
196 1911 339 1986 perdonet
353 1910 381 1968 lo
395 1911 449 1968 fuit
464 1911 510 1968 del
525 1910 625 1967 baizar
640 1929 656 1966 e
670 1910 710 1966 loi
725 1918 858 1986 autreget
870 1929 905 1966 en
917 1911 963 1970 do.

67 1989 112 2050 Εἰ]
125 1994 241 2054 Barrals
257 1995 283 2052 si
298 1996 415 2052 mandet
434 2015 488 2070 per
501 1995 589 2053 Peire
603 1995 688 2053 Vidal
704 2014 720 2051 e
735 1995 772 2052 sil
786 1995 829 2053 fes
845 1996 967 2053 mandat

67 2079 151 2152 gracia
169 2099 185 2136 e
206 2081 282 2138 bona
297 2080 428 2138 volontat
446 2080 482 2136 de
497 2099 530 2138 sa
549 2081 675 2150 molber‚
696 2101 712 2136 e
732 2098 788 2154 que
808 2099 933 2158 vengues
949 2101 967 2139 a

68 2179 95 2218 sa
110 2166 226 2222 molher.
246 2171 275 2221 et
290 2165 318 2222 el
332 2183 403 2222 veno
417 2166 454 2222 ab
473 2184 544 2241 gran
564 2167 698 2243 alegreza
716 2184 734 2222 a
754 2166 916 2236 Marselha,
937 2176 967 2224 et

67 2247 97 2303 ab
109 2267 174 2325 gran
189 2251 322 2326 alegreza
341 2250 370 2308 so
390 2252 543 2308 receubutz
565 2269 616 2327 per
636 2271 672 2308 en
686 2250 790 2307 Barral
811 2269 827 2307 e
846 2271 899 2327 per
918 2271 967 2308 ma
991 2261 1016 2301 ⁹⁰

68 2331 158 2392 domna
172 2331 328 2394 n’Alazais.
349 2343 379 2392 et
393 2343 524 2412 autreget
544 2336 565 2392 li
586 2336 614 2392 lo
631 2335 729 2393 baizar
743 2354 778 2392 en
794 2336 831 2393 do
852 2333 928 2410 qu’el
943 2337 965 2393 li

68 2417 123 2474 avia
140 2421 261 2489 emblat,
284 2412 313 2497 [e
334 2420 362 2477 fo
383 2421 403 2476 li
420 2427 464 2477 tot
482 2413 648 2498 perdonat.]
680 2420 747 2477 Don
762 2419 849 2478 Peire
864 2420 965 2479 vidals

67 2500 116 2559 fetz
129 2513 189 2563 esta
203 2505 310 2562 chanso
326 2522 382 2579 que
396 2505 470 2561 ditz:

178 2591 237 2648 Pos
253 2597 367 2647 tornatz
382 2590 428 2647 sui
443 2608 479 2646 en
495 2591 640 2664 Proensa,

71 2662 105 2747 [la
118 2674 179 2747 qual
196 2693 246 2732 vos
262 2666 414 2752 auziretzsj
990 2685 1015 2724 ⁹⁶

122 2759 202 2816 Peire
216 2758 320 2818 vidals
339 2779 391 2836 per
410 2759 439 2816 la
454 2765 529 2816 mort
543 2758 591 2816 del
610 2760 667 2817 bon
683 2766 775 2815 comte
790 2758 914 2816 Raimon
929 2759 965 2816 de

70 2840 165 2901 Toloza
184 2844 208 2903 si
229 2863 261 2902 se
276 2845 363 2901 marri
383 2853 464 2902 mont
478 2863 494 2899 e
508 2844 557 2900 det
572 2862 604 2901 se
624 2863 696 2921 gran
711 2843 832 2900 tristeza
847 2863 863 2900 e
878 2845 966 2902 vestit

71 2943 97 2982 se
109 2927 141 2984 de
153 2947 253 3006 negre‚
275 2947 291 2985 e
307 2930 400 2987 talhet
418 2929 463 2988 las
478 2946 546 2986 eoas
562 2948 577 2985 e
592 2929 638 2986 las
653 2929 788 2986 aurelhas
803 2948 822 2986 a
839 2936 899 2987 totz
920 2930 964 2987 los

73 3011 138 3071 siens
156 3014 265 3083 cavals3
287 3023 315 3070 et
335 3033 353 3070 a
367 3015 393 3073 si
414 3023 479 3070 eta
497 3023 558 3072 totz
578 3014 622 3071 los
643 3014 722 3071 sieus
742 3013 887 3072 servidors
906 3015 964 3073 fetz

73 3097 135 3156 ruite
147 3098 189 3157 los
200 3099 317 3157 eabelhs
334 3099 369 3156 de
384 3099 414 3156 la
429 3106 520 3168 testa3
535 3117 597 3156 mas
613 3099 657 3156 las
671 3098 776 3157 barbas
792 3099 821 3157 ni
836 3099 880 3158 las
896 3111 1016 3178 ung-10⁰

73 3179 110 3239 las
123 3203 156 3242 no
169 3203 200 3242 se
213 3182 305 3241 seiron
324 3184 428 3241 talhar.
459 3192 538 3241 mout
558 3189 626 3241 anet
645 3184 733 3260 longa
753 3201 821 3242 sazo
837 3204 856 3242 a
874 3186 913 3241 lei
928 3185 964 3242 de

74 3264 105 3323 fol
118 3268 195 3326 home
209 3288 225 3326 e
240 3268 276 3325 de
291 3269 386 3326 dolen.
415 3269 456 3326 Et
469 3287 560 3325 avene
575 3287 606 3326 se
621 3287 657 3325 en
672 3269 776 3342 aquela
790 3288 873 3338 sazo,
888 3266 965 3342 qu’el

75 3369 153 3410 anava
171 3353 278 3411 enuissi
299 3353 415 3423 dolens,
443 3353 511 3427 quel
535 3353 593 3410 reis
615 3352 727 3412 nAnfos
748 3350 872 3429 d'Arago
894 3370 965 3410 veno

77 3455 104 3492 en
117 3439 265 3511 Proensae
280 3457 405 3516 vengron
421 3438 459 3495 ab
472 3439 513 3495 lui
528 3438 662 3496 Blascols
676 3439 815 3497 Romieus
830 3435 873 3494 e’n
890 3437 964 3496 Gar-

78 3521 125 3582 oias
138 3523 270 3582 Romieus
285 3521 331 3581 e’n
342 3523 447 3582 Martis
461 3522 507 3581 del
521 3521 614 3583 Oanet
627 3520 671 3581 e'n
684 3522 810 3597 Miquels
825 3523 861 3579 de
872 3522 964 3581 Luzia
978 3533 1014 3574 ¹⁰⁵

837 3632 863 3683 1.
