2520 4216
521 228 551 280 51

233 385 323 446 oontr'
339 407 421 446 amor
435 407 451 446 e
466 397 567 446 contra
579 391 681 463 jovem

233 491 305 548 quar
319 474 359 530 fin
375 473 486 552 paratg'
502 493 540 532 an
555 475 580 533 si
596 475 655 533 mal
670 495 746 549 mes,

231 577 301 636 greu
316 576 348 616 es
363 559 400 616 de
414 567 526 617 comtar
540 578 555 616 e
570 559 607 616 de
621 560 668 618 dir

232 662 248 700 e
261 661 334 721 grou
347 638 513 702 d‘escoutar
527 663 542 702 e
556 641 697 715 d'auzir3'

231 747 304 804 quar
318 728 358 786 fin
374 728 491 787 domnei
506 749 544 786 an
559 730 632 789 aissi
646 738 725 808 trag,

231 808 361 887 qu’entre
376 814 421 871 lor
435 831 494 872 non
508 816 613 873 trohen
629 833 725 893 esoag.

229 981 361 1056 Domna,
376 983 432 1042 sim
446 991 544 1041 tenetz
559 1003 595 1042 en
612 985 706 1054 deses,

230 1084 285 1142 que
300 1061 359 1124 d'al
373 1087 405 1125 re
420 1087 476 1126 non
492 1068 521 1125 ai
535 1087 693 1145 pensamen
727 1117 730 1122 .

229 1171 291 1210 mas
306 1153 342 1210 de
356 1153 401 1210 far
414 1161 512 1212 vostre
527 1156 709 1215 mandamen.

230 1255 245 1294 e
260 1233 321 1296 s'en
336 1246 402 1315 grat
417 1239 509 1296 sewir
523 1257 575 1298 vos
590 1259 700 1318 pogues

229 1324 322 1381 entrel
337 1323 494 1398 despolhar
509 1324 536 1381 el
550 1324 651 1394 vestir,

225 1409 331 1482 jamnis
346 1409 420 1466 mals
436 1427 504 1466 nom
519 1407 598 1486 pogr‘
614 1410 723 1480 amir,

228 1509 299 1566 quar
313 1501 410 1551 vostre
424 1493 475 1571 dig
489 1512 505 1549 e
520 1501 617 1552 vostre
633 1495 703 1572 plag

227 1573 303 1636 m'an
318 1580 405 1636 sabor
419 1579 454 1635 de
469 1597 537 1636 roza
551 1578 586 1635 de
601 1597 677 1657 mag.

225 1745 280 1804 Rei
297 1747 332 1804 de
346 1747 446 1816 Leon,
462 1765 547 1806 senes
562 1748 669 1806 mentir

225 1831 325 1889 devetz
341 1832 446 1889 honrat
462 1840 544 1908 pretz
559 1832 693 1902 recolhir‚

225 1936 290 1974 cum
305 1916 349 1974 cel
364 1917 414 1990 qui
429 1913 539 1975 semen‘
555 1937 590 1974 en
606 1935 696 1994 garag

224 2008 349 2077 temprat
365 2000 474 2060 d’amor
489 2003 526 2060 ab
541 2003 613 2062 dous
629 2002 771 2080 complag.

503 2309 551 2368 26.

223 2495 282 2568 Ges
298 2510 345 2568 del
356 2512 399 2586 joi
415 2505 501 2586 qu'eu
515 2512 544 2569 ai
559 2531 626 2569 nom
641 2530 755 2582 ranem,

221 2615 284 2654 mas
300 2597 336 2653 de
351 2597 380 2653 la
394 2597 477 2655 dolor
491 2597 536 2655 sui
552 2598 697 2666 clamans,

221 2698 307 2756 quem
322 2680 363 2737 fai
377 2681 466 2738 traire
480 2688 603 2740 trastotz
618 2699 681 2739 mos
696 2699 749 2738 ans

222 2784 269 2824 ses
286 2764 358 2842 eolp'
375 2785 390 2822 e
406 2785 453 2824 ses
469 2773 527 2822 tort
542 2764 626 2840 qu'eu
640 2785 677 2824 no
692 2761 752 2824 1’ai.

221 2870 283 2909 mas
299 2869 378 2908 eram
392 2851 438 2910 sui
453 2869 515 2908 mes
531 2870 566 2907 en
582 2851 676 2920 assai,

221 2955 285 2992 cum
301 2955 335 2992 eu
351 2953 440 3012 posca
455 2932 568 2993 retrair’
585 2955 601 2992 e
617 2936 662 2992 dir

221 3020 262 3078 tal
277 3039 323 3089 re,
338 3016 484 3096 qu'amors
500 3040 583 3096 quem
599 3021 640 3078 fai
655 3021 769 3097 languir

220 3125 257 3162 no
273 3105 313 3162 mi
328 3106 375 3163 vol
389 3109 427 3164 ab
441 3106 516 3164 dreit
531 3107 676 3182 capdelar.

220 3275 285 3333 Tan
300 3270 358 3333 m'a
373 3276 503 3353 salvatge
516 3295 567 3334 eor
581 3295 596 3332 e
611 3275 666 3332 dur

220 3361 285 3417 cela
298 3378 383 3435 quem
399 3361 449 3417 bat
464 3361 500 3418 de
515 3379 563 3420 sos
578 3363 710 3435 verjans,

221 3462 284 3501 cum
299 3445 366 3521 plus
381 3445 402 3501 li
418 3445 463 3502 sui
478 3446 650 3514 humilians,

220 3530 327 3588 adones
343 3549 388 3587 me
403 3530 478 3587 dona
492 3531 558 3605 plus
573 3527 705 3608 d‘esglai.

793 3623 827 3673 4*
