2520 4216
745 257 779 310 58

662 333 865 344 ...μ--μ--ι-

455 421 515 478 Per
529 439 581 478 seu
596 422 664 479 tenh
676 419 809 480 Vertfolh
825 439 841 478 e
855 419 992 480 Monlaur

456 525 472 564 e
488 505 603 564 servolh
618 506 685 581 plus
699 506 736 563 de
753 524 804 564 cen
820 505 912 564 castel

456 611 473 648 e
487 599 547 649 tres
563 590 670 648 ciutatz
685 608 733 650 ses
748 599 792 649 tot
806 591 886 650 revel

456 684 518 734 eta
532 693 652 751 corque
666 684 747 752 pretz
762 676 935 745 mantem,

455 779 506 818 car
519 761 557 818 ab
572 761 699 820 eortezia
711 762 816 831 renha,

456 863 512 922 que
527 841 601 904 s'om
615 847 737 905 honratz
751 847 782 904 la
796 846 842 904 vai
856 865 953 915 vezer,

456 941 507 989 tan
522 931 543 988 li
558 931 599 988 fai
614 931 642 990 el
656 931 716 990 ditz
731 932 768 989 de
782 932 891 1008 pluer,

456 1010 535 1092 qu’al
550 1016 644 1092 partit
658 1017 720 1074 s’en
735 1017 783 1074 vai
798 1035 847 1075 sos
863 1015 969 1087 amics3

455 1109 486 1159 et
499 1119 555 1158 ano
568 1101 618 1159 nol
632 1102 699 1177 plac
713 1119 823 1179 engans
838 1103 869 1160 ni
883 1101 969 1171 tries,

455 1186 486 1244 ni
500 1186 683 1263 lauzengiers
698 1186 730 1244 ni
744 1187 826 1264 gelos
841 1187 933 1254 brios,

455 1290 509 1330 ans
524 1271 570 1329 lor
583 1270 623 1328 fai
639 1271 698 1329 dir:
714 1278 807 1330 estatz
823 1290 873 1330 vos
890 1271 944 1341 lai,

455 1374 512 1433 que
526 1375 559 1414 re
573 1375 631 1414 non
647 1364 729 1414 avetz
745 1375 763 1414 a
777 1357 823 1414 far
837 1357 890 1415 sai.

456 1523 545 1583 Color
558 1522 642 1582 fresc’
658 1545 677 1582 a
690 1528 728 1585 ab
743 1526 847 1584 cabelh
862 1545 931 1585 saur

455 1617 485 1667 et
499 1629 555 1667 ane
569 1629 627 1667 non
644 1613 728 1670 obret
742 1611 778 1668 de
793 1611 905 1686 pinzel,

454 1713 518 1754 mas
533 1696 721 1773 Mongalhart
736 1715 753 1752 e
766 1695 917 1756 Daurabel

453 1780 477 1837 li
492 1780 585 1857 platz,
602 1779 670 1856 qu'a
683 1799 732 1839 sos
749 1800 801 1857 ops
816 1782 947 1840 tetenha.

454 1864 558 1941 Belj0c
573 1885 611 1924 no
626 1885 680 1923 ven
696 1867 725 1923 ni
742 1867 900 1942 empenha,

455 1969 471 2006 e
487 1949 582 2008 misai
597 1951 761 2010 Montamat
774 1958 859 2008 tener

456 2035 693 2111 eB0n-Repaus
709 2055 763 2112 per
776 2036 869 2094 melhs
882 2039 974 2112 jazer,

455 2139 471 2177 e
486 2139 540 2196 per
553 2117 674 2178 m’amor
687 2122 766 2198 platz
781 2115 896 2180 l’ostals
912 2122 969 2180 ries

455 2211 484 2262 et
499 2223 530 2263 es
546 2222 614 2264 seue
629 2205 932 2282 Esquiva-mendies,

454 2297 485 2346 et
498 2289 527 2346 al
543 2307 680 2364 marques
694 2309 753 2348 non
769 2309 801 2349 es
817 2291 955 2363 dentrice,

455 2374 511 2433 sim
526 2375 603 2432 dona
618 2373 712 2452 Segur
727 2395 743 2432 e
759 2374 861 2434 Clavai

455 2467 484 2518 et
498 2479 517 2518 a
531 2460 586 2518 leis
603 2457 727 2518 Cardon’
744 2480 761 2516 e
775 2462 896 2537 Monjai.

453 2628 502 2687 De
516 2629 586 2688 Pois
601 2630 672 2687 volh·
683 2626 812 2706 Laroqu'
828 2650 845 2688 e
859 2632 977 2690 Lavaur

455 2715 483 2772 el
497 2715 546 2773 bel
560 2716 671 2790 palaitz
686 2716 714 2773 el
728 2716 800 2775 dous
815 2716 917 2793 pradel

454 2800 482 2858 el
496 2801 611 2877 vergier
625 2819 661 2858 on
678 2801 803 2858 chanton
819 2796 926 2860 l'auzel

453 2885 617 2943 eBen-aie
632 2905 648 2942 e
663 2879 994 2945 Melhs-m’en-venha.

454 2989 470 3027 e
486 2970 556 3028 sila
571 2979 745 3028 comtessam
759 2970 871 3042 denha,

455 3073 626 3132 seguramen
642 3074 713 3129 poso
724 3074 866 3127 remanet,

454 3156 504 3196 oar
518 3140 637 3215 complit
652 3159 738 3198 seran
754 3143 811 3200 mei
825 3142 920 3213 voler3

454 3220 539 3297 qu'eu
554 3244 591 3283 no
607 3225 673 3284 volh
690 3243 772 3284 esser
785 3227 911 3285 Lodoics

454 3308 483 3365 ni
498 3309 634 3368 Manuels
649 3310 680 3367 ni
694 3310 847 3370 Frederics

454 3393 485 3450 ni
499 3393 536 3451 de
550 3393 693 3453 Narbona
706 3396 885 3454 nAimeries:

454 3496 504 3537 oar
518 3480 569 3554 qui
584 3498 602 3536 a
617 3499 650 3539 so
664 3499 721 3555 que
735 3481 802 3556 plus
816 3482 839 3539 li
853 3481 929 3557 plai,

453 3563 491 3620 de
505 3571 549 3621 tot
563 3564 592 3621 lo
607 3583 674 3623 mon
688 3566 716 3623 al
732 3567 827 3624 melhs
843 3567 871 3624 el
886 3566 953 3624 mai.
