2520 4216
516 279 549 332 45

228 439 311 519 qu’us
326 441 362 498 fis
375 441 433 516 joie
449 459 495 498 me
511 436 622 516 eapdol'
639 459 685 498 em
701 442 766 499 nais
810 439 825 448 ”

228 545 313 603 quem
329 535 359 584 te
371 528 491 600 jauzent
506 544 541 582 en
556 544 628 603 gran
644 526 767 585 doussor

227 631 272 670 em
288 608 393 686 sojorn'
411 631 446 668 en
462 607 512 668 fin'
527 611 646 668 amistat

227 697 263 755 de
278 697 333 754 leis
349 696 398 771 qui
413 697 480 772 plus
496 695 535 752 mi
551 714 605 752 ven
622 714 657 753 en
672 704 753 775 grat:

228 801 244 839 e
260 783 285 840 si
300 781 394 840 voletz
410 783 497 840 saber
511 781 595 856 quale
611 799 657 850 εε,

229 867 402 924 demandatz
417 866 447 923 la
465 884 501 923 en
518 864 684 924 carcasses.
754 884 756 896 ¹

228 1039 268 1096 Et
283 1054 338 1094 ane
352 1056 389 1094 no
404 1036 496 1113 galiet
510 1037 540 1094 ni
556 1037 628 1094 trais

229 1141 282 1180 son
298 1121 374 1179 amic
388 1121 434 1179 nis
450 1129 554 1197 pauzet
569 1122 657 1190 color,

227 1208 269 1265 nil
285 1207 369 1284 qual,
386 1223 459 1281 quar
473 1207 536 1264 cela
550 1200 635 1282 qu’en
651 1206 706 1264 leis
723 1207 802 1275 nais,

229 1312 260 1351 es
274 1292 371 1350 fresca
385 1310 449 1349 cum
464 1285 523 1349 roz’
540 1311 575 1348 en
591 1309 703 1368 pascor.

228 1371 286 1435 bel'
303 1396 335 1434 es
351 1378 435 1436 sobre
452 1384 514 1435 tota
529 1379 629 1435 beutat

229 1471 259 1519 et
272 1482 290 1519 a
306 1481 357 1520 sen
373 1463 409 1520 ab
421 1465 508 1537 joven
524 1463 659 1521 meselat:

228 1566 282 1624 per
295 1565 367 1621 ques
382 1543 531 1624 n'agradol
546 1549 613 1623 plus
628 1554 723 1606 cortes

229 1651 266 1688 en
281 1634 366 1690 dizon
381 1632 445 1689 laus
461 1635 498 1690 ab
513 1633 634 1689 honratz
649 1633 710 1691 bes.

511 2024 560 2084 23.

230 2212 328 2292 Quant
342 2229 409 2286 hom
425 2245 508 2286 esen
524 2228 618 2286 autrui
635 2227 734 2303 podet,

229 2333 269 2370 no
283 2321 334 2388 pot
349 2319 408 2370 totz
425 2331 473 2371 sos
489 2315 586 2371 talans
602 2314 734 2388 eomplir‚

231 2415 285 2455 ans
300 2391 396 2454 l’aven
413 2417 501 2456 soven
518 2419 536 2455 a
549 2399 646 2475 giquir

230 2502 284 2559 per
297 2480 411 2540 l'autrui
426 2491 491 2559 grat
506 2484 534 2541 lo
550 2502 602 2540 seu
616 2483 710 2540 voler:

231 2567 320 2626 dones
335 2586 389 2644 pos
405 2586 440 2624 en
455 2569 548 2643 poder
561 2586 606 2624 me
622 2569 667 2624 sui
682 2585 745 2624 mes

231 2648 351 2722 d'amor,
368 2653 463 2728 segrai
478 2652 522 2710 los
538 2652 612 2709 mals
628 2652 671 2710 els
687 2652 739 2708 bes

230 2739 274 2795 els
290 2746 364 2795 tortz
380 2738 424 2794 els
440 2737 532 2794 dreitz
548 2737 590 2794 els
606 2737 679 2794 dans
700 2729 744 2793 els
758 2752 841 2812 pros,

231 2820 351 2898 qu'aissi
367 2816 423 2878 m'o
439 2821 580 2878 comanda
594 2839 688 2878 razos„

232 2989 291 3051 Car
305 2992 355 3067 qui
370 2992 399 3050 al
414 2992 494 3068 segle
509 2991 557 3048 vol
571 2991 681 3067 plazer,

230 3078 357 3138 maintas
371 3085 436 3134 νεῖν,
451 3077 545 3134 Γενει]
561 3096 579 3134 a
593 3075 679 3136 sofrir

231 3181 265 3220 so
280 3163 367 3236 quelh
382 3163 516 3239 desplatz
530 3165 568 3221 ab
582 3180 639 3239 gen
655 3161 759 3231 cobrir,

231 3249 269 3304 ab
285 3249 453 3307 semblansa
467 3248 503 3306 de
518 3266 575 3305 non
591 3247 682 3317 ealer3

233 3351 249 3390 e
263 3333 328 3408 pois
344 3351 421 3407 quan
436 3353 471 3390 ve
486 3351 542 3408 que
558 3350 606 3390 sos
621 3332 683 3390 locs
698 3351 744 3403 es,

232 3427 334 3475 contra
348 3420 392 3475 cel
407 3418 457 3492 qui
471 3412 565 3476 l’aura
578 3436 710 3494 mespres

233 3522 270 3560 no
286 3503 330 3560 sia
344 3503 415 3560 fiaes
431 3503 461 3559 ni
476 3504 613 3572 noalhos‚

233 3582 319 3662 qu'en
334 3607 406 3665 gran
421 3585 496 3646 dreit
511 3597 579 3646 notz
593 3581 677 3664 ρεαδ
691 3587 830 3648 oeeaizos.
