2554 4196
735 262 783 318 136

386 428 444 487 don
459 428 489 486 lo
504 427 601 505 &egles
616 445 647 486 es
663 437 787 504 vongum
801 445 837 482 on
852 427 895 482 tal
908 425 972 483 mih

387 513 546 590 qu'apenas
561 531 616 588 vey
630 520 763 589 pastoret
778 531 815 568 no
830 512 964 581 tomalh,

388 616 461 673 quar
473 597 515 655 ilh
532 605 628 656 meten
645 615 681 654 en
697 615 778 655 error
793 591 995 671 l’esoripturat

386 701 441 760 per
454 701 511 761 que
525 683 555 740 la
568 701 641 760 gens
656 683 684 739 el
700 682 798 760 segles
814 682 839 740 si
853 684 966 756 pejura.

387 921 478 979 Eram
493 921 576 982 diran
591 917 687 994 qu‘ieu
699 920 744 979 sni
758 920 825 978 hom
840 919 1032 987 deseremus,

387 1023 462 1082 quar
476 1006 523 1064 dic
538 1013 632 1063 vertat
646 1004 723 1062 dela
738 1005 784 1061 lur
799 1013 992 1079 captenensa,

387 1109 450 1150 mas
462 1092 510 1150 ieu
525 1108 571 1147 cre
585 1090 652 1147 dieu
667 1109 683 1146 e
698 1097 758 1146 totz
773 1107 822 1147 sos
836 1088 1026 1168 mandamens

387 1183 417 1233 et
430 1175 473 1234 ilh
489 1195 618 1232 mermon
634 1175 663 1232 lo
674 1174 743 1232 fruit
759 1174 819 1231 ela
835 1191 970 1232 semensa
976 1195 985 1244 3

387 1279 460 1338 quar
473 1261 537 1319 dels
551 1263 660 1334 majors
670 1259 720 1317 fan
731 1258 826 1336 guerr’
829 1277 845 1316 e
856 1258 1036 1317 malvolensa
1041 1301 1052 1329 ,

389 1449 404 1488 e
416 1432 450 1505 ja
463 1427 570 1488 d'aisso
585 1447 651 1487 nom
668 1429 714 1486 cal
729 1444 810 1488 esser
823 1436 973 1497 mentens,

389 1533 445 1590 que
459 1514 578 1592 paradis
593 1531 625 1572 es
643 1521 734 1572 mortz
749 1515 786 1572 ab
808 1514 855 1571 lur
869 1514 994 1572 sabensa

391 1619 427 1657 en
442 1600 577 1659 manhtas
591 1608 675 1676 partz
690 1619 726 1658 on
743 1617 777 1657 ar
791 1600 838 1656 viu
852 1598 1056 1658 descrezensa.

388 1837 461 1897 Bem
477 1837 625 1900 meravelh
640 1837 686 1896 del
703 1856 754 1912 rey
769 1837 832 1896 dels
848 1835 1012 1905 Castellas,

387 1943 442 2001 per
456 1941 513 1998 que
528 1924 573 1981 los
589 1941 652 1992 ere,
669 1940 742 1996 quar
757 1941 791 1980 sa
806 1922 886 1979 valor
900 1941 937 1978 an
953 1928 1063 1998 morta,

389 2006 435 2085 qu
437 2027 485 2066 1eu
499 2008 528 2065 vi
543 2027 611 2068 sazo
626 2025 665 2082 qu
666 2002 703 2065 'el
720 2026 770 2065 era
785 2008 915 2066 sobeiras

387 2113 406 2156 ο
420 2111 529 2171 proeza
542 2113 593 2150 era
607 2111 644 2150 en
658 2092 700 2150 lui
716 2101 835 2150 estorta.

390 2199 424 2236 ar
438 2196 469 2235 es
485 2177 586 2238 desotz
600 2196 653 2252 per
666 2171 687 2234 l’
690 2178 821 2236 ensenha
835 2193 891 2252 que
906 2185 990 2251 porta

389 2263 437 2321 del
452 2262 562 2338 emperi
577 2281 630 2338 per
644 2262 846 2322 cosselhadors
861 2281 922 2320 vas.

390 2347 520 2424 salvatge
531 2356 642 2422 temps,
657 2338 732 2422 qu’el
747 2367 806 2405 non
822 2348 884 2406 obri
900 2365 948 2404 sas
964 2364 1044 2416 mas,

388 2452 442 2509 per
457 2450 512 2509 que
528 2433 624 2492 valore
636 2433 673 2490 de
687 2433 729 2490 lui
744 2432 770 2490 si
785 2431 983 2499 deseonforta,

389 2537 462 2596 quar
476 2517 549 2577 s'om
563 2518 586 2576 li
600 2518 697 2592 quier,
713 2517 762 2574 elh
775 2517 815 2575 fai
831 2517 867 2574 de
882 2517 947 2574 colh
961 2515 1088 2575 redorta.

389 2738 449 2797 Del
464 2757 516 2814 rey
530 2738 659 2796 Frances
674 2733 771 2812 qu'om
787 2745 816 2794 te
831 2758 884 2815 per
898 2737 1053 2794 dreiturier

391 2823 480 2882 vuelh
496 2841 571 2899 pauc
585 2823 701 2899 parm,
717 2840 790 2897 quar
804 2841 878 2898 pauc
893 2822 939 2879 val
955 2841 970 2878 e
985 2841 1060 2898 pauc
1075 2821 1166 2890 dona,

389 2926 443 2966 ans
458 2927 511 2985 per
525 2909 600 2966 tolre
615 2905 760 2966 cuid'aver
770 2916 851 2982 pretz
867 2907 974 2976 entier3

388 3011 540 3068 perquem
556 2993 689 3070 desplatz
704 2992 766 3066 quil
781 2992 863 3067 quier
878 3012 930 3070 per
944 2991 1010 3048 dieu
1025 2991 1156 3068 perdona

388 3079 426 3135 ab
440 3078 511 3136 aital
527 3097 578 3153 rey
593 3096 649 3152 cuy
664 3077 759 3135 valors
773 3097 828 3134 non
845 3097 899 3152 par
913 3078 1003 3148 bona3

389 3162 420 3226 ni
435 3163 493 3220 mal
507 3165 556 3239 aja
570 3163 599 3220 la
614 3182 705 3238 papa,
722 3180 795 3236 quar
810 3163 897 3219 sofier

388 3245 484 3322 qu’om
499 3266 547 3306 ses
563 3268 629 3305 razo
645 3247 761 3304 dezeret
776 3247 916 3316 cavalier3

387 3351 451 3391 mas
467 3332 515 3389 elh
530 3333 578 3390 n'a
593 3343 673 3408 part,
689 3352 741 3408 per
755 3332 822 3407 quel
837 3332 923 3390 sofrir
938 3327 1064 3390 s'adona

389 3437 405 3476 e
421 3436 474 3494 sap
490 3437 506 3475 o
523 3418 558 3475 be
573 3418 685 3476 Tolzan
701 3437 717 3474 e
733 3415 921 3476 Carcassona.

356 3614 387 3652 14.
400 3613 437 3654 fan
450 3615 485 3654 fur
498 3625 584 3664 guerre.
