2520 4216
493 231 526 284 49

206 410 291 468 quem
305 409 432 468 vengues
447 391 482 448 de
498 409 548 450 vos
562 392 706 468 qualsque
720 393 787 462 bes,

205 495 261 552 que
275 495 334 534 non
350 477 377 532 ai
392 476 483 550 podet
497 471 592 552 qu'als
607 476 695 534 dezir.

206 561 261 620 sim
276 561 416 619 destrenh
430 569 528 619 vostra
543 580 632 638 grans
648 563 780 632 beutatz,

206 645 385 723 qu’envazitz
399 641 485 705 m'als
501 647 565 704 olhs
580 666 596 704 e
610 653 744 723 passatz,

206 733 231 791 si
246 730 321 806 qu’el
337 737 396 788 test
409 728 468 788 n’ai
481 731 512 789 la
526 731 706 808 resplandor‚

205 835 289 893 quem
304 816 390 874 tollo
406 835 457 874 sen
473 835 489 874 e
503 818 534 874 la
548 817 636 894 vigor.

205 984 318 1046 Senher
332 1003 411 1046 coms
426 986 462 1043 de
476 985 611 1055 Peneus,
626 987 692 1044 bem
707 986 800 1063 platz,

205 1089 255 1128 car
269 1091 300 1130 es
316 1089 351 1128 en
366 1066 493 1128 l'aussor
506 1079 571 1148 grat
585 1079 726 1142 montatz,

206 1174 261 1231 que
275 1175 332 1234 gen
350 1174 400 1214 vos
416 1155 461 1214 vei
477 1157 579 1214 cobrar
593 1153 686 1214 l'onor

204 1259 260 1317 que
275 1241 417 1318 perderon
432 1237 518 1300 vostr*
534 1257 679 1300 annessor.

205 1408 282 1470 Sitot
297 1407 354 1469 s’es
369 1410 444 1468 mals
459 1428 522 1470 mos
538 1408 686 1485 Castiatz,

205 1496 303 1554 dolors
317 1491 393 1553 m'en
407 1514 480 1570 pren
498 1514 514 1552 e
529 1494 652 1571 pietatz,

204 1599 277 1656 quar
292 1598 323 1638 es
338 1580 420 1638 velhs
436 1599 452 1636 e
465 1599 537 1655 pren
554 1580 698 1638 deshonor

204 1684 250 1722 em
266 1665 307 1722 tol
323 1663 503 1742 naViem'ss
518 1662 634 1724 s’amor.

485 1971 533 2029 25.

203 2161 300 2235 Baros
316 2175 423 2244 Jews,
438 2171 523 2250 qu'en
539 2181 617 2232 crotz
631 2173 661 2232 fo
676 2192 752 2244 mes,

204 2279 256 2336 per
271 2259 370 2317 salvar
383 2259 529 2318 erestiana
542 2279 613 2336 gen,

205 2363 259 2402 nos
275 2345 381 2402 manda
394 2352 454 2402 totz
471 2344 684 2413 comunalmen,

205 2429 338 2505 qu’anem
353 2430 455 2488 cobrar
469 2429 498 2488 lo
513 2429 591 2486 saint
604 2448 674 2505 paes
682 2471 690 2498 ‚

204 2534 242 2572 on
257 2531 328 2572 vene
342 2534 395 2592 per
409 2510 497 2572 nostr'
513 2533 595 2570 amor
609 2514 706 2572 morir.

206 2619 222 2656 e
237 2600 262 2657 si
278 2600 328 2657 nol
342 2598 436 2656 volem
451 2599 557 2666 obezir,

205 2684 246 2741 lai
261 2704 298 2742 on
313 2685 427 2742 feniran
442 2684 498 2740 tuit
513 2682 534 2739 li
550 2682 635 2758 plag,

205 2767 362 2827 n’auzirem
377 2768 469 2826 maint
484 2766 586 2842 esquiu
601 2775 706 2842 retrag.

207 2938 284 3014 Quel
298 2939 377 2998 saint
390 2938 507 3015 paradis
523 2954 615 3011 quens
629 2953 761 3013 promes,

205 3044 243 3083 on
259 3044 317 3082 non
331 3044 349 3081 a
362 3043 440 3100 pena
453 3024 484 3080 ni
499 3031 626 3092 tormen,

206 3111 251 3166 vol
267 3129 318 3167 ara
333 3110 425 3166 liurar
438 3108 604 3166 francamen

206 3195 298 3252 acels
314 3191 426 3268 qu'iran
442 3196 480 3252 ab
494 3194 523 3251 lo
539 3209 673 3267 marques

207 3287 291 3337 outra
303 3280 334 3338 la
348 3297 411 3336 mar
425 3299 478 3355 per
492 3279 548 3336 deu
563 3277 663 3336 servir.

207 3383 223 3421 e
238 3365 298 3422 cels
314 3383 370 3440 que
385 3364 433 3421 nol
448 3364 549 3422 volran
564 3362 671 3440 seguir,

206 3450 255 3507 noi
269 3468 340 3507 aura
354 3467 449 3526 negun
464 3450 537 3507 brun
552 3448 584 3505 ni
598 3449 662 3524 bag,

206 3552 263 3610 que
277 3553 335 3592 non
350 3533 430 3610 poso’
445 3552 513 3592 aver
526 3552 598 3612 gran
612 3532 722 3610 esglag.

800 3625 816 3675 4
