2520 4216
428 639 531 724 Amor,
546 671 614 731 pres
630 652 676 712 sui
690 654 726 711 de
741 653 771 711 la
785 654 869 724 bera,

429 758 502 816 quar
515 739 587 796 m’es
602 746 652 796 tan
668 740 704 796 de
718 739 797 797 mala
811 739 911 816 guiza,
944 755 956 767 ·

428 817 515 900 qu’eu
531 825 613 903 augei
627 825 765 883 m’acsetz
780 823 922 899 conquiza

428 910 459 968 la
472 929 579 989 gensor
594 928 610 965 e
624 910 655 967 la
668 910 734 986 plus
749 912 818 988 gaja

428 994 476 1052 del
491 1015 576 1065 mon,
597 1013 660 1053 mas
675 1012 749 1053 nous
764 996 844 1072 platz
859 994 944 1071 qu’eu
959 988 1041 1070 l'aja.

427 1099 482 1157 per
495 1079 582 1157 qu’eu
594 1080 702 1138 morrai
716 1081 919 1156 dezesperatz,

428 1185 519 1235 amor,
535 1173 565 1223 et
579 1184 610 1222 er
625 1173 700 1222 tortz
716 1185 732 1223 e
746 1172 880 1242 peceatz,

430 1250 456 1308 si
470 1251 604 1326 d’aquest
617 1261 714 1308 vostro
728 1251 870 1310 benvolen

429 1354 489 1393 non
503 1341 587 1394 avetz
602 1335 705 1412 calque
719 1337 898 1394 chauzimen.

429 1507 483 1574 Jn,
500 1505 563 1564 s'eu
578 1523 699 1582 saupm,
714 1524 772 1564 non
787 1525 900 1581 amera,

429 1610 486 1668 que
500 1585 577 1649 m'en
591 1609 695 1667 prezes
710 1587 812 1649 d'aital
827 1591 928 1669 guiza,

428 1670 511 1751 qu'er
525 1696 543 1735 a
557 1695 605 1734 ma
618 1677 752 1735 voluntat
766 1675 847 1752 priza

428 1761 487 1819 cilh
501 1757 584 1837 qu'es
599 1756 747 1838 orgolhoz'
762 1781 779 1820 e
792 1764 863 1839 gaJa

427 1865 479 1905 vas
495 1847 550 1916 mi,
565 1866 582 1905 e
597 1847 634 1904 de
648 1847 708 1907 mal
722 1842 809 1923 qu'en
824 1849 901 1923 traja

427 1932 497 1990 nolh
513 1930 573 2002 cal,
588 1951 642 1990 ans
658 1929 715 1990 m’a
728 1950 791 1992 mes
807 1949 844 1990 en
858 1932 903 1990 tal
916 1932 991 2002 latz,

427 2035 484 2092 que
495 2017 555 2092 jois
570 2017 601 2074 ni
616 2017 737 2093 deportz
750 2018 781 2074 ni
797 2015 892 2075 solatz

427 2098 541 2160 d'autra
554 2121 621 2160 nom
636 2097 703 2161 don'
719 2101 922 2172 esbaudimen,

427 2187 458 2244 ni
474 2186 510 2245 de
524 2187 580 2246 lais
593 2188 666 2245 nulh
677 2187 720 2262 joi
736 2207 794 2246 non
809 2194 889 2248 aton.

427 2357 486 2415 Per
500 2351 587 2432 qu’eu
601 2376 620 2414 a
634 2376 703 2416 mon
716 2366 784 2436 grat
801 2352 953 2428 m'estera,

426 2441 562 2516 sequeus
577 2443 639 2514 dei,
655 2461 708 2502 ans
723 2444 760 2501 de
774 2462 823 2501 ma
835 2443 935 2521 guiza,

427 2521 589 2605 qu'enquer
603 2547 641 2586 no
656 2523 750 2606 l‘agra
765 2528 903 2603 enquiza3

427 2632 443 2670 e
458 2632 528 2689 pero
543 2631 602 2671 non
618 2631 650 2671 es
664 2619 715 2670 tan
729 2616 812 2691 gaja,

426 2695 511 2774 qu‘eu
526 2699 632 2758 doleis
647 2698 707 2756 mal
721 2717 779 2756 non
794 2700 918 2774 retraja‚

427 2801 443 2840 e
458 2783 504 2840 dir
517 2778 577 2842 n'ai
592 2783 688 2842 enoitz
704 2783 851 2853 eviltntn,

427 2868 497 2926 sitot
512 2863 571 2928 s'es
586 2865 728 2943 mensonj'
744 2868 906 2938 efoudatz,

426 2970 500 3028 quar
515 2971 580 3012 cors
595 2948 679 3029 qu'es
693 2953 758 3030 ples
772 2950 949 3012 d’aziramen

425 3037 466 3095 sai
480 3039 538 3097 ben
552 3038 642 3097 falhir
655 3039 728 3096 boca
742 3057 841 3098 soven.

426 3201 523 3282 Qu'eu
537 3208 565 3265 vi
577 3211 610 3282 ja
624 3206 696 3266 l'ora
710 3203 804 3283 qu'ilh
819 3226 869 3266 era

425 3291 527 3351 franca
541 3312 558 3349 e
573 3293 609 3351 de
624 3294 701 3352 bona
715 3294 802 3370 guiza

425 3395 442 3434 e
458 3396 491 3436 sa
505 3378 578 3435 boca
591 3386 661 3455 gent
675 3379 777 3455 apriza

426 3481 463 3520 en
477 3463 576 3538 parlar
589 3464 711 3538 paraula
725 3465 809 3541 gaja‚

425 3565 477 3608 vas
491 3549 548 3606 bon
562 3555 644 3624 pretz
659 3544 709 3606 fin'
725 3567 741 3606 e
756 3550 869 3623 veraja,
