2520 4216
739 224 773 278 34

656 297 859 308 υι-ι-ι-ι-ι-

449 406 502 464 per
517 381 603 464 qu'eu
618 386 647 443 ai
662 394 761 445 assatz
776 406 844 445 razo

450 472 486 530 de
500 471 546 529 far
560 472 664 529 novela
679 473 798 531 chanao.

449 645 538 703 Estat
551 641 635 700 aurai
649 642 804 702 malanans

450 747 466 786 e
482 726 573 786 sufert
587 745 658 804 greu
672 727 860 796 malanansa,

449 821 500 870 tan
515 830 571 889 que
585 831 697 871 meroes
711 808 784 870 m'es
798 812 911 871 {albida

449 898 485 956 de
500 897 556 955 leis
571 915 628 973 que
643 915 697 956 son
711 905 771 956 tort
785 892 941 957 m'oblida:

450 1002 538 1040 enon
553 1001 605 1041 aus
620 1001 710 1058 penre
724 984 874 1056 venjansa.

448 1087 520 1146 pero
535 1086 571 1126 eu
585 1076 647 1124 trac
661 1067 739 1143 peitz
755 1068 791 1124 de
806 1076 897 1138 mort,

450 1148 555 1230 qu'ano
568 1171 637 1211 nom
650 1153 715 1210 volo
729 1153 810 1211 valer
824 1171 936 1224 amm-⁸3

448 1257 513 1297 mas
528 1257 561 1296 er
574 1256 627 1296 sen
641 1257 709 1295 nom
725 1238 770 1296 las
786 1238 901 1308 dolon,

449 1318 536 1399 qu'en
552 1323 593 1380 tal
607 1322 637 1379 ai
652 1317 842 1392 m'entensio,

449 1409 517 1484 quel
531 1407 592 1485 plai
606 1402 693 1484 qu’eu
708 1410 796 1467 ohant
811 1408 840 1467 el
854 1427 907 1486 sap
922 1409 972 1466 bo.

449 1577 496 1638 De
510 1579 541 1638 la
555 1578 622 1636 bela
636 1577 681 1638 sui
697 1580 843 1648 clamans,

449 1683 505 1740 que
519 1659 577 1722 m'o
592 1673 703 1722 mostra
716 1682 770 1738 per
784 1663 967 1734 semblansa,

448 1768 505 1825 que
519 1769 568 1806 ma
581 1755 673 1806 mortz
687 1743 742 1807 l'es
757 1749 888 1809 abelida=

449 1853 466 1892 e
481 1853 554 1910 quar
568 1835 662 1892 melhs
678 1853 736 1891 non
751 1853 782 1893 es
798 1835 954 1904 chauzida‚

449 1919 479 1978 ai
492 1919 565 1977 faita
579 1927 660 1976 mout
673 1937 746 1996 gran
762 1937 892 1977 erransa.

449 2003 578 2062 tomami
592 1999 649 2062 l'ir‘
666 2023 702 2061 en
717 2012 818 2061 conort

450 2108 466 2146 e
481 2089 587 2147 virarai
602 2085 679 2147 m'eu
694 2089 808 2159 alhors,

449 2192 522 2249 quar
536 2192 604 2232 sens
620 2193 651 2232 es
668 2194 684 2231 e
698 2194 786 2251 grans
801 2175 912 2242 valore,

449 2259 498 2333 qui
514 2258 550 2316 de
565 2259 636 2316 brau
652 2261 759 2317 senhor
772 2260 831 2318 selo

450 2362 482 2402 se
497 2344 587 2402 lonha
602 2363 649 2402 ses
664 2345 724 2403 mal
739 2363 832 2403 resso.

449 2514 559 2573 Aissim
574 2522 700 2590 venquet
715 2533 763 2573 sos
779 2515 928 2574 semblans

449 2601 479 2658 al
492 2600 568 2677 prim
584 2595 671 2676 qu'eu
686 2600 714 2658 vi
730 2619 764 2658 sa
779 2601 956 2672 eoindansa,

449 2704 505 2760 que
520 2686 626 2744 lauzan
642 2680 693 2742 l‘ai
708 2685 859 2744 enantida:

450 2790 465 2828 e
480 2778 545 2846 trop
561 2771 677 2829 lauzars
692 2790 724 2829 es
740 2771 868 2828 mentida

450 2855 575 2914 maintas
591 2863 654 2913 vetz
671 2874 755 2914 senes
770 2857 924 2934 doptansa.

449 2959 502 3016 per
516 2935 595 3015 qu'al
610 2940 797 3017 repropehier
810 2936 947 3009 m'aeort,

450 3019 527 3099 qu'ai
543 3026 622 3083 auzit
636 3025 700 3083 dels
716 3043 885 3094 ancessorS,

450 3105 518 3185 qu’a
532 3117 627 3187 temps
643 3129 754 3169 venson
770 3110 928 3169 vensedors

450 3213 467 3252 e
480 3214 534 3271 per
548 3204 643 3273 temps
659 3216 675 3253 e
689 3215 744 3272 per
758 3214 826 3254 sazo

450 3289 554 3338 venout
567 3281 617 3339 fan
634 3300 708 3359 gran
722 3300 855 3339 vensezo.

450 3449 502 3508 Fis
518 3449 608 3508 amics
625 3451 669 3508 sui
684 3454 742 3511 ben
756 3468 857 3510 amans

450 3542 480 3592 et
494 3531 522 3592 ai
537 3553 590 3609 per
604 3535 675 3614 dreg
690 3539 874 3605 benenansa,
