2520 4216
724 258 757 311 56

429 440 506 497 quan
521 421 551 479 la
565 421 624 488 vei,
641 439 687 477 em
702 419 742 477 fai
757 420 782 478 si
798 427 899 488 temer,

428 526 484 582 que
498 507 562 564 nois
577 506 676 581 parlar
690 505 759 563 nolh
775 523 827 563 aus
843 506 952 581 plazer.

426 592 516 650 dones
531 609 585 667 pos
600 608 656 664 que
671 609 734 648 mos
749 590 840 665 plaitz
855 591 925 648 nolh
940 607 972 648 es
987 591 1056 661 bos,

427 677 568 734 remanha
582 693 647 733 oum
662 669 743 733 s'anc
757 693 805 734 res
820 694 874 734 nos
888 675 949 752 fos,

427 757 512 836 qu'eu
528 779 566 819 no
582 761 611 819 la
626 779 697 835 pose
711 760 747 818 de
761 780 813 818 ren
828 761 924 819 forsar

427 864 490 905 mas
505 864 582 923 quan
599 845 634 902 de
650 845 752 903 bendir
765 864 781 902 e
795 843 914 904 d’amar.

427 1017 503 1074 Pero
519 1016 582 1073 dele
597 1016 657 1072 rius
745 1015 811 1072 ede
826 1016 871 1074 las
886 1034 958 1092 gens

427 1101 457 1159 ai
472 1101 522 1178 dig
536 1101 599 1158 cine
614 1118 683 1158 cens
768 1101 833 1158 laus
849 1101 970 1159 avinens

427 1205 480 1262 per
494 1185 549 1244 leis
564 1202 650 1259 quem
664 1184 705 1242 fai

427 1272 458 1329 al
471 1270 550 1347 peitz
565 1287 621 1345 que
636 1277 702 1345 pot,
720 1288 773 1345 per
787 1267 873 1344 qu'eu
887 1270 962 1328 dirui

427 1375 465 1415 no
480 1374 512 1412 re
527 1373 589 1412 mas
605 1356 656 1424 be,
673 1349 759 1428 qu'eu
775 1374 812 1412 no
826 1355 930 1431 poirai.

428 1459 443 1497 e
458 1435 520 1498 s'eu
535 1440 557 1496 li
571 1457 681 1516 pogues
696 1439 754 1497 mal
768 1440 857 1509 voler,

428 1525 454 1584 si
468 1524 539 1582 deus
555 1519 706 1600 m'ampar‚
723 1525 758 1582 de
773 1544 841 1582 mon
856 1525 948 1600 podet

426 1610 447 1667 li
462 1607 514 1668 for'
531 1629 567 1666 eu
581 1610 656 1668 mals
672 1617 701 1666 et
716 1611 865 1687 orgolhos:

426 1713 490 1753 mas
504 1687 573 1753 no’n
588 1712 660 1770 pose
675 1713 756 1753 esser
769 1696 909 1770 poderos,

427 1774 513 1856 qu’ab
528 1799 566 1836 un
582 1780 623 1838 ris
639 1788 669 1837 et
683 1783 720 1840 ab
735 1800 773 1837 un
789 1798 875 1859 esgar

427 1885 472 1923 me
486 1865 526 1922 fai
542 1865 581 1923 mi
596 1866 704 1924 mezeis
720 1865 841 1924 oblidar.

426 2035 509 2093 Mout
523 2033 594 2094 m’es
609 2035 728 2110 esquius
814 2037 843 2093 lo
858 2034 1041 2110 parlamens‚

426 2138 512 2194 quem
527 2115 601 2178 nafr'
614 2139 660 2178 em
672 2139 758 2195 vens,
845 2121 872 2178 si
883 2137 940 2195 que
950 2140 1014 2180 mos
1026 2137 1096 2179 sens

424 2204 475 2281 fug
489 2223 505 2262 e
519 2205 630 2264 desvai.

426 2289 457 2346 ni
469 2290 575 2363 jamnis
591 2290 700 2347 chanao
714 2309 752 2347 no
766 2290 854 2358 farai,

426 2392 482 2448 que
497 2375 568 2452 dreg
582 2374 612 2431 ni
628 2393 695 2432 razo
709 2394 783 2433 noca
796 2373 864 2433 n'ai.

428 2479 443 2516 e
458 2477 511 2535 pos
527 2479 577 2518 cor
591 2479 648 2517 non
663 2459 693 2517 ai
707 2460 737 2517 ni
752 2462 840 2530 voler,

426 2563 490 2602 com
504 2563 576 2620 pose
590 2547 711 2604 chantar
725 2545 756 2602 ni
767 2545 810 2620 joi
825 2545 914 2602 aver?

426 2648 482 2705 que
496 2630 602 2688 doleis
616 2649 674 2688 non
690 2630 718 2686 ai
734 2631 782 2687 bel
795 2649 913 2706 respoS,

425 2733 479 2773 ans
494 2733 571 2790 quan
586 2733 641 2792 eug
655 2716 701 2773 dir
715 2715 775 2772 ditz
789 2733 918 2784 amores,

425 2800 467 2857 ilh
482 2798 549 2877 fug,
565 2819 621 2876 que
636 2819 703 2858 nom
718 2800 766 2858 vol
780 2809 926 2858 eseoutar:

423 2885 544 2962 gardatz
559 2903 622 2942 eom
637 2880 714 2942 m’en
730 2884 776 2942 dei
791 2885 928 2943 essorsar.

425 3054 491 3111 Mas
506 3055 573 3113 hom
588 3055 685 3113 antius
771 3073 804 3112 er
816 3073 888 3132 greu
903 3073 1038 3125 manens,

424 3155 481 3212 que
496 3139 681 3199 chauzimens
766 3157 782 3196 e
797 3139 986 3198 mandamens

423 3224 461 3281 ab
476 3241 525 3282 cor
539 3225 618 3282 verai

423 3307 474 3370 fan
489 3308 529 3365 fin
544 3310 612 3367 drut
623 3311 729 3383 jauzen
744 3327 821 3385 quan
837 3307 972 3367 s'esehai.

424 3411 440 3450 e
455 3393 505 3468 qui
520 3412 591 3468 pren
608 3412 641 3452 so
655 3395 800 3469 qu’amors
816 3391 925 3462 Patrai,

425 3477 495 3536 sitot
510 3476 566 3538 s'es
581 3497 669 3553 pauo,
685 3480 722 3537 ab
736 3480 830 3538 melhs
846 3476 989 3554 qu'esper,

424 3562 472 3621 noi
486 3571 538 3639 pot
552 3561 649 3634 falhir‚
664 3559 732 3638 qu'a
747 3583 799 3624 son
815 3565 915 3640 plazer
