2552 4214
699 282 714 334 6

453 442 554 516 Quom
567 445 655 519 quelh
668 444 714 502 fos
728 463 812 522 greu,

453 547 533 585 aram
549 537 577 585 te
592 549 644 604 per
658 548 710 587 seu

453 612 484 670 la
497 632 602 691 genser
616 623 679 672 sotz
694 615 749 672 deu

453 717 470 753 e
484 698 531 755 del
547 699 658 756 melhor
672 719 738 769 sen,

454 800 504 840 car
518 785 616 840 conois
631 803 688 860 que
703 804 738 841 eu
754 778 836 863 [ben]

453 864 520 925 l’am
537 868 572 925 de
587 870 644 926 bon
658 869 751 939 talen,

454 953 479 1010 si
494 950 579 1029 qu’en
594 973 660 1011 mon
673 957 760 1029 joven

453 1056 469 1094 e
484 1038 549 1113 pois
565 1039 709 1113 lonjamen

453 1123 574 1180 servirai
590 1124 618 1180 lo
634 1142 686 1181 seu
701 1143 764 1183 cors
781 1125 842 1192 bel,

452 1207 499 1285 gai
515 1216 544 1264 et
558 1208 648 1284 adreg
662 1227 678 1265 e
693 1208 791 1276 novel,

452 1292 523 1348 alei
539 1293 574 1350 de
589 1293 628 1349 fin
644 1295 775 1364 amador,

452 1374 519 1451 qu’a
534 1385 576 1434 tot
591 1396 643 1435 son
659 1397 709 1436 cor
723 1398 758 1435 en
774 1399 864 1438 amor.

451 1545 515 1604 Ben
529 1547 610 1604 aurai
626 1545 735 1606 d'ambr

451 1628 520 1689 folh’
538 1652 553 1688 e
567 1632 636 1689 fruit
651 1652 666 1688 e
681 1633 736 1691 flor

453 1736 469 1774 e
483 1735 545 1774 ram
561 1737 576 1774 e
592 1718 706 1788 verdor,

453 1799 531 1860 s’anc
546 1821 593 1860 res
608 1800 683 1860 m'en
698 1804 727 1860 fo
742 1821 827 1881 greu,
879 1853 881 1857 ,

452 1904 508 1961 que
523 1907 576 1963 per
589 1889 709 1946 amador

452 1971 491 2028 mi
507 1981 555 2030 ten
572 1990 635 2030 cum
651 1974 680 2031 lo
693 1992 760 2043 seu,

452 2075 468 2113 e
482 2075 552 2132 pree
566 2057 595 2114 la
609 2078 662 2134 per
676 2060 731 2116 deu

452 2137 541 2215 qu’ilh
557 2152 655 2219 esgart
669 2164 733 2202 cum
749 2164 783 2200 eu

451 2224 553 2284 l’aurai
570 2235 647 2284 estat
661 2230 697 2287 de
714 2231 767 2288 bon
784 2249 850 2299 sen,

452 2308 555 2385 qu’anc
569 2331 606 2370 no
621 2315 723 2390 camjei
739 2334 806 2372 mon
821 2315 914 2385 talen,

452 2396 483 2452 ni
499 2416 556 2454 non
571 2417 617 2454 am
633 2400 687 2457 flor
700 2400 731 2456 ni
746 2401 851 2468 ramel,

451 2500 514 2540 mas
530 2502 582 2558 per
595 2485 665 2553 leis,
683 2485 713 2541 ni
728 2485 802 2543 ohan
816 2483 939 2542 d’auzel.

451 2651 524 2710 Plus
539 2653 603 2730 gais
618 2653 686 2728 quel
699 2654 783 2711 auzel

452 2738 544 2808 serai,
560 2739 596 2795 sil
613 2758 645 2797 es
660 2739 723 2814 bel,

452 2819 538 2900 qu’un
555 2823 627 2881 dous
643 2824 707 2882 bais
723 2824 807 2882 novel

452 2927 498 2966 me
514 2908 550 2965 do
565 2927 618 2984 per
632 2928 726 2978 amor,

452 2990 555 3068 qu’anc
571 2991 681 3050 d’autre
695 2995 786 3052 ramel

453 3098 490 3135 no
506 3078 569 3135 vole
585 3078 678 3135 colhir
691 3079 746 3136 flor

451 3164 481 3220 ni
497 3162 567 3221 fruit
582 3163 612 3220 ni
627 3164 744 3223 verdor:

452 3248 484 3304 ni
499 3267 553 3305 ane
567 3249 687 3306 amador

451 3352 489 3390 no
504 3334 562 3391 vitz
577 3334 642 3408 quis
658 3337 765 3409 eamjes
781 3335 847 3409 plus
862 3351 947 3412 greu3

453 3437 469 3475 e
484 3438 536 3494 pos
551 3420 628 3476 elam
643 3425 672 3474 te
687 3437 741 3495 per
754 3437 820 3489 seu,

453 3503 572 3561 selvirai
588 3501 645 3560 l’en
661 3523 727 3561 mon
740 3507 843 3578 joven,

452 3588 517 3664 pois
532 3589 629 3659 velhs,
645 3586 706 3647 s'eu
720 3589 768 3646 viu
783 3589 940 3664 lonjamen.
