2520 4216
733 249 767 300 40

445 391 570 476 Tant'es
584 409 691 469 doussa
704 428 757 485 per
770 428 852 468 amar

446 516 462 554 e
477 496 543 553 bela
557 515 610 573 per
623 497 745 553 remirar

446 601 462 638 e
478 575 583 640 cortez'
599 601 615 638 e
631 571 814 650 abnuissem,

445 667 471 724 si
486 659 581 742 qu'als
597 685 665 743 pros
681 665 711 724 et
724 666 770 724 als
785 665 886 724 valens

445 752 481 809 de
497 753 561 809 bela
576 751 673 828 paria,

445 855 502 912 que
518 838 543 896 si
558 857 608 894 ver
623 837 713 905 dizia,

445 923 474 979 el
489 941 556 980 mon
570 941 629 979 non
643 921 726 979 auria
740 940 806 996 par:

446 1027 508 1066 mas
522 1007 609 1064 fraitz
623 1001 683 1064 m’a
696 1007 754 1065 tals
769 1005 822 1063 mil
837 1023 956 1078 cavens,

445 1111 516 1168 que,
533 1087 598 1150 s'un
614 1091 659 1149 sol
673 1091 750 1148 m'en
765 1091 896 1162 atendia,

447 1186 538 1236 estort
553 1197 569 1235 e
583 1177 660 1254 garit
674 1173 803 1235 m'auria.

445 1346 494 1405 Na
505 1346 627 1422 Vierna,
643 1365 708 1404 cum
723 1364 779 1421 que
794 1348 853 1416 sia,

448 1451 483 1489 eu
499 1433 543 1490 sui
559 1441 671 1490 vostres
687 1440 749 1490 tota
762 1432 818 1490 via.

728 1636 776 1695 20.

447 1759 511 1832 Tan
527 1773 566 1831 mi
582 1774 663 1850 platz
747 1773 804 1847 jois
821 1772 945 1830 esolatz

448 1854 558 1918 d'omes
574 1867 690 1928 ouran,
777 1877 831 1934 per
845 1855 930 1933 qu'eu
943 1857 1005 1916 fatz'

447 1943 488 2002 tal
505 1945 613 2002 chanso
628 1945 720 2013 viatz,

447 2032 500 2090 bos
515 2028 589 2099 reis,
604 2048 660 2105 que
674 2045 744 2104 pree
758 2027 976 2105 qu’aprendatz.

448 2113 533 2173 esim
549 2114 722 2171 demandatz

448 2209 498 2258 tan
513 2208 617 2260 sowa:
634 2217 757 2275 perque
772 2196 926 2256 chantatz?

448 2303 544 2344 cares
559 2285 656 2342 enoitz
671 2284 715 2342 als
730 2283 856 2342 malvatz

448 2389 571 2449 egaugz
586 2389 604 2426 a
618 2387 671 2428 nos
687 2377 833 2427 envezatz.

448 2542 475 2599 E
491 2542 646 2618 sapchatz,
733 2540 796 2598 s’eu
810 2539 855 2596 fos
870 2545 984 2610 amam,

358 2629 360 2634 '
448 2644 504 2701 que
519 2624 677 2684 n’auziratz
764 2632 906 2683 esmeratz

449 2713 617 2770 chantaretz
632 2717 759 2787 prezatz.

448 2794 548 2872 qu'era
563 2815 619 2871 que
634 2796 681 2854 sui
694 2796 886 2865 malmenatz,

411 2893 413 2898 ’
448 2881 507 2940 fatz
521 2881 712 2940 meravilhatz

448 2973 526 3025 motz
541 2967 578 3025 ab
593 2985 627 3024 us
643 2974 743 3023 sonetz
758 2965 892 3035 dauratz,

450 3070 465 3108 e
481 3071 518 3110 no
533 3049 608 3109 m’en
624 3051 672 3109 val
687 3051 824 3108 amistatz

450 3136 480 3193 ni
496 3156 532 3195 no
548 3138 622 3195 chan
637 3153 700 3194 mas
716 3135 752 3193 de
766 3142 892 3211 pereatz.

451 3303 524 3364 Oors
539 3306 670 3383 delgatz,
756 3324 812 3382 gen
825 3304 1004 3380 saissonatz,

450 3408 545 3448 merce
559 3386 677 3466 n'ajatz.
763 3391 893 3460 Fiam,

450 3492 502 3533 vos
517 3476 565 3532 lan
581 3476 764 3545 conselhatz‚

450 3579 507 3636 que
521 3559 659 3618 destreitz
675 3560 719 3619 sui
735 3579 750 3617 e
766 3561 892 3619 coehatz.
