2520 4216
508 257 541 310 45

219 418 303 496 qu’us
318 419 354 476 fis
366 418 425 493 jois
441 437 488 476 me
503 413 614 494 capdel'
631 437 677 475 em
693 419 758 477 nais
815 417 818 426 ’

219 524 305 580 quem
321 512 351 561 te
363 506 484 577 jauzent
498 522 533 560 en
549 521 620 580 gran
636 503 759 562 doussor
815 523 818 529 ·

218 609 264 648 em
280 585 386 664 sojorn’
403 608 438 646 en
454 585 504 645 fin’
519 587 639 646 amistat

219 676 255 733 de
270 675 325 732 leis
341 674 391 749 qui
405 674 472 749 plus
488 673 526 730 mi
543 691 597 730 ven
614 693 650 730 en
665 682 745 752 grat:

220 780 237 817 e
252 760 277 818 si
292 759 386 818 voletn
402 761 489 817 saber
503 759 587 834 quals
603 777 649 827 es,

221 845 395 903 demandatz
409 845 439 901 la
457 863 493 901 en
510 842 677 902 Carcasses.
746 864 749 874 ²

220 1017 260 1074 Et
275 1032 331 1072 ane
345 1034 382 1071 no
397 1014 488 1091 galiet
503 1015 532 1072 ni
548 1015 620 1071 trais

221 1119 274 1158 son
290 1100 366 1158 amic
380 1100 426 1157 nis
442 1106 547 1175 pauzet
562 1100 649 1168 color,

220 1187 262 1243 nil
277 1185 361 1261 qual,
378 1201 451 1259 quar
465 1185 529 1241 cela
542 1177 628 1260 qu’en
643 1183 698 1242 leis
714 1184 795 1253 nais,

221 1290 252 1329 es
266 1270 363 1328 fresca
378 1288 442 1327 eum
457 1262 516 1327 roz'
533 1288 569 1325 en
583 1287 695 1344 pascor.

221 1349 278 1413 bel’
295 1374 327 1414 es
343 1356 428 1414 sobre
444 1362 506 1413 tota
522 1356 622 1412 beutat

222 1449 251 1497 et
265 1460 282 1497 a
298 1458 349 1498 sen
364 1442 401 1498 ab
413 1443 500 1514 joven
516 1440 651 1498 meselat:

221 1544 273 1602 per
288 1543 359 1600 ques
374 1521 523 1602 n'agradol
539 1526 605 1602 plus
621 1532 715 1582 cortes

222 1629 258 1666 en
273 1612 358 1668 dizon
373 1611 438 1667 laus
453 1613 491 1669 ab
506 1611 627 1667 honratz
642 1611 703 1668 bes.

504 2001 553 2060 23.

224 2189 320 2269 Quant
334 2205 402 2262 hom
417 2223 449 2262 es
464 2224 501 2262 en
517 2205 612 2262 autrui
627 2205 727 2280 podet,

223 2309 260 2347 no
274 2298 326 2366 pot
340 2297 401 2347 totz
417 2307 466 2348 sos
482 2291 579 2347 talans
595 2290 727 2366 eomplir,

224 2393 277 2433 ans
292 2369 388 2432 l’aven
406 2393 495 2433 soven
511 2395 529 2432 a
542 2376 639 2452 giquir

224 2479 275 2536 per
289 2458 404 2517 l’autrui
419 2468 484 2537 grat
498 2461 527 2518 lo
543 2479 595 2518 seu
609 2460 703 2518 voler:

224 2545 312 2602 dones
328 2563 381 2621 pos
397 2565 432 2602 en
448 2547 540 2621 poder
554 2565 599 2602 me
615 2546 660 2602 sui
675 2561 737 2601 mes

224 2625 344 2700 d'amor,
361 2631 455 2708 segrai
471 2632 515 2689 los
531 2631 605 2688 mals
621 2630 664 2688 els
680 2631 732 2686 bes

225 2715 267 2773 els
282 2723 357 2773 tortz
373 2716 416 2773 els
432 2716 525 2773 dreitz
540 2716 583 2773 els
599 2716 672 2773 dans
692 2707 736 2772 ela
751 2731 834 2790 pros,

225 2798 344 2874 qu’aissi
358 2795 416 2858 m'o
432 2799 573 2858 comanda
587 2818 681 2857 razos„

226 2968 283 3028 Car
297 2971 348 3046 qui
363 2971 392 3028 al
407 2971 487 3046 segle
502 2970 550 3027 vol
564 2970 673 3046 plazer,

224 3057 349 3113 maintas
364 3063 429 3112 vetz
443 3056 539 3113 l’aven
554 3074 572 3112 a
586 3055 672 3113 sofrir

226 3158 257 3198 so
272 3141 361 3215 quelh
375 3141 508 3217 desplatz
523 3143 560 3199 ab
575 3159 632 3217 gen
648 3140 752 3210 cobrir,

225 3227 261 3283 ab
277 3226 445 3284 semblansa
459 3226 496 3282 de
511 3244 568 3283 non
584 3225 675 3295 caler3

226 3329 242 3367 e
256 3311 320 3388 pois
337 3329 414 3386 quan
429 3330 464 3368 ve
478 3329 534 3386 que
550 3328 599 3368 sos
614 3310 675 3368 lons
692 3327 738 3381 es,

226 3406 326 3454 contra
340 3397 384 3453 cel
400 3396 450 3470 qui
464 3390 557 3453 l’aura
572 3415 703 3472 mespres

226 3499 262 3538 no
278 3481 323 3539 sia
337 3481 408 3538 fiaes
423 3482 454 3538 ni
469 3481 606 3550 noalhos‚

226 3560 311 3638 qu'en
327 3585 399 3643 gran
414 3563 489 3624 dreit
504 3575 572 3624 notz
586 3560 669 3642 paue'
684 3566 822 3625 omizos.
